3164 5386
589 105 692 160 sulio
710 106 773 158 1⁴8³
1247 107 1293 158 135

32 271 150 331 randi
172 272 282 325 domini
302 273 332 326 et
351 271 482 341 magistri
500 272 661 326 aumonius
681 275 817 333 Duterne
835 273 957 326 vicarius
977 273 1068 339 patris
1087 273 1209 326 ministri
1226 287 1292 339 pro·

8 354 14 419 ’;
33 354 163 413 vincte
179 353 312 419 Francia,
322 353 469 409 iohannes
487 356 664 422 Barbacbon,
676 358 772 408 custos
787 357 916 408 custodie
928 355 1112 415 Normannie‚
1125 355 1293 408 Francimus

8 430 652 513 ¹÷„·.}'1›siousio,sarcrepaglnoprofessores,
676 440 711 490 ab
735 439 835 492 eodem
861 440 944 504 patre
965 439 1096 491 ministro
1120 439 1150 492 et
1172 451 1207 490 ex
1231 438 1294 503 ejus

8 520 207 595 ’ξαιμωι
217 520 408 582 ordinatione,
419 522 451 572 ut
461 521 602 582 dicebant,
614 521 704 580 missi,
719 522 752 573 ad
771 535 869 586 pacem
887 523 916 574 et
932 521 1111 573 concordiam
1128 535 1191 572 cum
1210 521 1293 573 dictis

8 592 281 656 *summumne
300 602 422 655 dominis
443 604 606 668 presidente
629 605 659 656 et
681 603 805 669 capitulo
828 605 939 669 prelato
962 603 1082 656 ecclesie
1105 603 1292 656 Tornacensis

34 682 249 738 mudum
266 687 296 737 et
312 685 511 738 inveniendum
523 700 610 752 super
626 687 711 738 certis
723 685 774 738 lite
791 687 821 738 et
837 686 1031 738 controversie
1041 687 1117 738 iuter
1130 699 1160 738 se
1173 685 1244 736 ortis
1255 685 1291 736 ad

15 814 19 823 .
37 776 184 820 msam
199 767 404 832 predicationis
419 769 564 820 certorum
582 767 766 819 articulorum
778 781 830 834 per
841 768 990 833 quemdam
1001 768 1119 819 iratrem
1130 765 1291 819 iohannem

8 838 24 911 ἶ,
34 846 176 917 Angeli
187 849 297 901 ordinis
308 851 430 902 fratrum
440 849 582 902 minorum
598 850 628 902 in
645 849 774 915 pluribus
791 850 850 901 suis
867 849 1045 902 sermonibus
1062 851 1091 901 in
1109 849 1162 901 hac
1179 849 1293 901 civitate

36 924 246 984 'fornacensi
265 930 480 999 publicatorum,
508 946 629 986 necnon.
645 931 775 999 religiosi
799 933 853 984 viri
876 933 1005 999 magistri
1030 932 1133 984 Petrus
1156 932 1290 996 Becquet

31 1013 158 1067 oehm
167 1027 250 1067 sacre
258 1015 362 1082 pagine
371 1016 526 1081 proiessor‚
536 1015 566 1067 et
572 1014 696 1067 lacobus
706 1014 820 1073 Genoia
829 1014 1013 1077 hamularius,
1024 1013 1153 1081 religiosi
1164 1014 1291 1079 ejusdem

34 1097 189 1156 ordinis,
203 1097 317 1150 nomine
334 1099 489 1151 conventus
505 1098 627 1150 fratrum
643 1097 785 1149 minorum
803 1097 1025 1150 Tornacenaium
1044 1099 1100 1148 tam
1118 1097 1185 1148 dicti
1202 1097 1292 1162 patris

33 1177 194 1232 nunaut
203 1193 287 1244 quam
295 1182 450 1233 conventus
458 1180 598 1232 dictorum
608 1181 730 1233 matrum
745 1180 888 1232 minorum
901 1179 1122 1232 Tornacensium
1132 1179 1291 1232 nominibus

38 1262 232 1315 merentes
245 1265 354 1314 certum
364 1276 528 1328 processum
539 1263 615 1316 inter
627 1263 757 1315 sciuisse
769 1264 799 1314 et
810 1276 873 1314 esse
884 1264 992 1314 motum
1008 1263 1038 1314 et
1053 1261 1216 1313 inchoatum
1233 1263 1290 1314 tam

9 1372 17 1409 ·.
32 1336 89 1395 in
106 1344 193 1397 curia
203 1343 373 1411 parlamenti
384 1345 555 1398 Parisiensis
566 1358 650 1411 quam
662 1345 739 1403 aiibi.
753 1345 900 1398 occasione
911 1344 1136 1410 predicationum
1151 1345 1290 1396 factarum

9 1442 15 1447 ·
36 1432 140 1480 tnnc
153 1425 201 1480 vel
214 1427 329 1480 circiter
340 1426 436 1494 elapso
448 1429 505 1480 tam
517 1428 547 1480 in
556 1427 678 1481 ecclesia
689 1428 862 1480 'tornacensi
872 1441 955 1493 quam
965 1428 994 1479 in
1007 1426 1134 1480 ecclesiis
1143 1427 1290 1493 parochia·

35 1500 140 1563 libus
152 1511 319 1562 sanctorum
329 1510 406 1563 Piati
417 1511 447 1564 et
457 1510 585 1572 Quintini
598 1510 819 1564 'tornacensium
828 1523 880 1576 per
889 1511 994 1562 dictum
1004 1510 1121 1562 iratrem
1129 1508 1289 1562 iohannem

36 1588 181 1661 Angeli.
200 1593 277 1646 unde
293 1593 416 1647 maxime
433 1592 577 1657 dolebant,
595 1607 627 1646 ac
645 1593 679 1646 de
696 1593 817 1660 singulis
836 1606 889 1659 per
905 1607 955 1646 eos
969 1592 1043 1645 male
1061 1593 1131 1645 actis
1149 1593 1178 1644 et
1193 1593 1288 1646 verbis

10 1714 14 1719 -
33 1668 215 1741 iniuriosis
225 1675 372 1728 occasione
380 1676 583 1742 premissorum
592 1676 825 1742 contrapreiatos
838 1676 967 1727 dominos
979 1675 1014 1727 de
1025 1674 1149 1740 capitulo
1161 1675 1288 1728 ubicum-

28 1764 117 1821 ¹(lise
134 1757 260 1825 prolatis
277 1759 388 1812 reniam
404 1757 551 1811 humiliter
567 1757 743 1825 postulantes
760 1772 793 1810 ac
809 1759 839 1810 in
857 1758 932 1810 omni
949 1758 1078 1810 amicicia
1088 1759 1118 1810 et
1128 1758 1246 1811 caritate
1257 1758 1287 1810 in

36 1842 216 1905 ltosterum
232 1856 296 1894 cum
313 1842 421 1895 eisdem
438 1842 560 1894 dominis
577 1842 673 1895 virere
691 1855 799 1893 summe
817 1842 1010 1894 desiderantes
1028 1843 1057 1894 et
1073 1840 1246 1898 affectantes.
1258 1843 1290 1893 ut

12 1962 21 2005 ι
46 1920 210 1986 dicebant,
229 1937 338 1977 necnon
355 1923 448 1977 litium
468 1926 620 1978 amiractus
637 1927 667 1977 et
684 1938 822 1990 expensas
842 1925 949 1977 evitare
968 1923 1123 1990 cupientes,
1142 1937 1178 1976 ex
1199 1923 1290 1976 altera

10 2052 18 2063 .
44 2007 207 2069 pti-tibus,
219 2007 335 2070 ibidem,
346 2008 493 2073 premissis
511 2007 636 2068 attentis,
648 2007 872 2060 misericordiam
889 2007 979 2073 rigori
997 2020 1146 2072 processus
1159 2008 1288 2071 preierre

10 2072 19 2095 ““
44 2088 195 2142 volentes
211 2089 247 2141 ob
264 2091 457 2143 reverenciam
475 2089 529 2143 Dei
547 2104 580 2142 ac
597 2090 674 2143 beati
692 2089 837 2142 Francisci
854 2092 883 2142 et
899 2091 943 2140 sui
952 2091 989 2152 (l)
1006 2089 1125 2154 ordinis,
1136 2089 1166 2141 in
1184 2089 1287 2141 tuitum

10 2188 19 2198 „
48 2173 155 2225 wem
173 2172 204 2224 et
220 2173 250 2224 in
267 2173 394 2225 iavorem
410 2173 479 2225 dicti
495 2173 585 2239 patris
596 2172 719 2224 ministri
730 2174 760 2224 et
769 2171 1030 2237 prenominatorum
1043 2170 1209 2223 notabilium
1222 2185 1286 2237 sup·

47 2255 225 2317 positorum
244 2252 453 2320 humilibusque
472 2255 604 2320 precibus
623 2256 744 2307 iratrum
765 2254 833 2306 dicti
853 2255 1007 2306 conventus
1029 2252 1159 2305 inclinati
1178 2252 1284 2305 eisdem

46 2333 209 2389 viscerose
225 2338 436 2403 compaciendo,
448 2351 499 2404 pro
517 2337 591 2390 bono
608 2338 685 2403 pacis
703 2339 733 2389 et
749 2337 900 2390 concordie
917 2337 993 2389 iuter
1004 2350 1035 2389 se
1048 2336 1209 2394 retinendo,
1222 2345 1285 2387 sese

50 2419 255 2471 secor-darunt
264 2421 294 2473 et
303 2419 450 2472 amicabile
462 2420 748 2486 appunctuamentum
759 2421 835 2471 inter
846 2433 876 2472 se
888 2419 994 2471 iactum
1003 2419 1032 2471 et
1042 2418 1145 2470 initum
1156 2418 1244 2470 inisse
1257 2417 1286 2470 et

10 2548 12 2553 .
53 2509 129 2554 esse
137 2505 367 2567 recognoverunt
377 2502 461 2554 modo
474 2503 503 2555 et
513 2504 606 2554 iorma
617 2502 766 2569 descriptis
777 2503 807 2554 in
819 2503 939 2566 quadam
947 2514 1039 2567 papea
1049 2499 1160 2554 cedulle
1171 2498 1286 2552 Gallicis

19 2616 32 2649 .=
54 2583 161 2636 verbis
180 2585 318 2651 concepta
336 2598 389 2650 per
408 2584 599 2638 venerabilem
618 2585 710 2637 virum
731 2585 874 2637 dominum
895 2587 924 2637 et
940 2584 1108 2651 magistrum
1124 2582 1285 2636 iohannem

10 2650 31 2733 f
55 2656 225 2727 lauream,
235 2667 403 2719 canonicum
419 2669 448 2720 et
465 2667 680 2733 hospitalarium
697 2667 772 2720 dicte
788 2667 908 2720 ecclesie
921 2666 1118 2728 Tornacensis,
1131 2666 1237 2719 ibidem
1249 2665 1284 2718 de

10 2738 27 2757 ⁶*
57 2748 154 2801 verbo
166 2750 201 2802 ad
212 2750 330 2803 verbum
341 2749 476 2815 perlecta.
489 2749 576 2816 (iuius
587 2750 701 2815 quidem
713 2749 824 2803 cedulle
837 2752 919 2802 tenor
931 2749 996 2802 talis
1008 2751 1053 2802 est
1065 2762 1072 2798 r

101 2852 181 2908 Poro·
190 2857 398 2926 appaisisrpar
408 2869 475 2924 voye
485 2854 615 2921 amano,
628 2872 690 2911 ens.
705 2857 752 2922 (2).

11 2986 40 3035 g.
104 2959 180 3022 Quod
202 2963 316 3029 quidem
338 2965 634 3030 appunctuamentum,
658 2966 699 3016 sic
721 2967 753 3016 ut
777 2966 930 3031 preiertur.
957 2964 1058 3017 initum
1087 2962 1154 3015 dicti
1178 2963 1284 3016 domini

11 3022 40 3085 *ἦ
69 3042 214 3098 uredden·
233 3049 263 3099 et
284 3045 439 3113 capitulum
459 3060 568 3100 necnon
587 3048 778 3113 prenominati
799 3049 903 3100 iratres
926 3048 1062 3105 minores,
1075 3047 1176 3112 quibus
1199 3061 1285 3112 supra

11 3094 45 3177 ².-
74 3126 237 3188 bominibus,
249 3129 401 3181 observare
424 3130 454 3182 et
475 3131 573 3182 tenere
596 3131 700 3183 ibidem
723 3129 926 3183 inviolabiliter
949 3129 1104 3182 hincinde
1127 3129 1201 3182 bono
1225 3129 1285 3181 zelo

11 3178 46 3311 Q
78 3208 267 3272 monerent,
281 3214 311 3264 et
321 3211 453 3277 promisit
463 3204 562 3265 eorum
579 3211 706 3276 quilibet.
720 3213 887 3276 inquantum
899 3212 1061 3278 huiusmodi
1074 3212 1223 3278 negocium
1236 3225 1285 3264 eos

83 3283 218 3360 iungitseu
230 3295 348 3361 tangere
359 3295 454 3360 potest
464 3307 515 3348 seu
526 3295 633 3360 poterit
644 3295 857 3361 quomodolibet
868 3296 897 3346 in
912 3297 1049 3347 laturum.

107 3374 169 3428 Acta
184 3377 302 3428 inerunt
318 3375 371 3429 bec
386 3377 417 3428 in
434 3377 509 3430 dicto
521 3376 584 3429 ioco
596 3377 746 3444 capitulari
759 3376 880 3431 ecclesie
893 3377 1091 3435 Toruacensia‚
1104 3376 1284 3441 presentibus

80 3450 171 3511 ibidem
179 3459 300 3510 dominis
309 3458 451 3524 Stephano
461 3457 583 3512 Paronis
595 3461 624 3513 et
635 3461 771 3526 magistro
782 3459 923 3525 Stephano
934 3457 1282 3527 [Ermetia],presbyteris‚

76 3539 186 3597 testibus
197 3541 234 3593 ad
242 3539 295 3593 bec
306 3541 413 3593 vocatis
424 3541 587 3608 specialiter
599 3543 629 3595 et
639 3543 758 3609 rogatis.

95 3657 212 3710 Eisdem
224 3670 291 3710 vero
302 3671 386 3716 anno.
396 3657 559 3718 indictione.
569 3673 667 3712 mense
678 3659 708 3712 ct
719 3659 774 3718 die,
785 3659 856 3711 hora
864 3659 944 3723 quasi
953 3661 1054 3724 quarta
1062 3660 1127 3723 post
1134 3657 1283 3724 prandium

58 3741 255 3802 meridianum
275 3740 402 3806 ejusdem
422 3741 479 3794 diei
498 3755 531 3794 ac
552 3742 726 3807 pontificatu,
748 3741 853 3808 prefati
874 3743 980 3806 patres,
1001 3740 1130 3807 religiosi
1152 3739 1283 3804 superius

55 3823 205 3886 nominati
217 3837 328 3876 necnon
338 3824 441 3877 iratres
452 3824 470 3877 J
472 3824 598 3878 ohannes
610 3823 767 3889 iialvoisni,
780 3826 873 3876 custos
885 3824 1101 3882 attrebatensis,
1113 3822 1285 3875 Guillermus

49 3987 1285 4016 .--—--·—-—--——-——————-——-—-

81 4107 124 4175 (l)
147 4104 196 4160 De
208 4101 287 4157 telum
299 4102 379 4160 heeit
390 4108 458 4160 sats.

36 4190 44 4202 ’
76 4195 123 4263 (2)
145 4187 241 4254 Volgt
251 4188 286 4242 de
297 4189 374 4242 tekst
385 4203 437 4242 van
449 4190 483 4244 de
496 4189 713 4245 overeenuomst
724 4191 785 4258 (ons
799 4191 881 4259 vorig
893 4192 978 4255 stuli).
