3210 5386
369 505 402 557 52
739 504 744 513 '
887 507 990 560 ANNO
1011 509 1071 559 1418

368 669 508 722 homicide
526 670 623 738 catil),
634 694 646 716 n
665 675 694 724 et
711 686 846 724 mireum:
867 693 880 716 κ
892 671 929 723 Et
947 673 971 724 si
987 674 1070 738 pater
1082 687 1166 724 sensu
1178 674 1325 735 deiecerit,
1338 676 1450 727 veniam
1463 677 1549 738 dau),
1563 700 1574 722 ·

366 767 453 817 porro
475 754 600 804 sanctam
624 753 773 807 ecclesiam
796 769 858 806 esse
882 757 1002 807 matrem
1022 755 1166 821 ipsiusque
1189 758 1348 820 prepositos
1367 759 1432 809 lore
1455 761 1576 824 parentes

367 849 449 888 nemo
467 835 594 888 fidelium
615 837 734 898 dubitat,
756 840 906 902 postquam
925 852 1025 891 eorum
1045 852 1113 889 cura
1134 839 1164 889 iu
1187 852 1265 903 spem
1286 841 1382 891 luture
1403 841 1575 892 beatitudinis

365 919 496 984 gignitur
507 921 536 971 et
548 921 681 978 nutritur,
696 923 834 984 quatenus
852 920 902 972 tali
921 921 1091 987 genealogia
1107 921 1275 972 clericorum
1289 936 1423 975 numerus
1435 938 1575 976 consume·

368 1002 423 1060 tur,
448 1014 568 1065 cumque
595 1003 700 1066 prelati
726 1007 869 1069 parentes,
896 1017 948 1069 pro
974 1004 1058 1055 huius
1087 1005 1286 1071 generacionis
1311 1007 1530 1069 perpetuacione
1551 1008 1573 1058 et

365 1084 530 1135 assiduitate
550 1085 740 1136 continuanda
759 1100 849 1150 usque
867 1086 903 1136 ad
920 1087 1166 1138 consumaciouem
1184 1086 1282 1144 seculi,
1301 1087 1413 1138 decenti
1432 1090 1572 1153 possessio·

365 1180 433 1217 num
450 1166 658 1230 temporalium,
678 1182 709 1218 se
727 1170 965 1233 sustentaucium,
982 1183 1053 1232 opus
1071 1170 1292 1234 perpetuacione
1309 1168 1442 1229 habeant,
1455 1173 1570 1236 prolecto

366 1248 567 1301 subtrahentes
585 1251 614 1301 et
630 1251 793 1302 auferentes
811 1251 870 1302 sive
888 1252 1078 1303 diminuentes
1096 1251 1181 1303 talem
1194 1252 1405 1316 possessionum
1421 1253 1568 1304 habundan-

365 1332 448 1389 ciam,
476 1332 633 1396 predictam
663 1335 883 1399 generacionem
917 1336 1133 1396 sustentantem,
1164 1349 1220 1385 uon
1248 1336 1358 1385 tantum
1386 1335 1568 1388 homicidect

364 1414 503 1478 patricida
526 1415 661 1466 censendi
684 1418 759 1474 suut,
790 1417 840 1467 sed
872 1417 958 1468 etiam
982 1417 1150 1468 atrocissimi
1174 1417 1371 1483 generacionis
1395 1418 1501 1470 Christi
1519 1419 1567 1469 iere

366 1497 569 1548 destructores.
584 1498 673 1558 Quam
691 1499 726 1549 ob
744 1512 815 1557 rom,
829 1500 858 1550 et
870 1500 895 1549 si
905 1500 1049 1564 predictos
1066 1502 1200 1565 parentes
1212 1499 1346 1564 pretactis
1357 1501 1570 1565 possessionibus

365 1579 452 1630 etiam
475 1579 552 1631 abuti
575 1582 765 1647 contingeret,
790 1581 867 1632 intra
889 1580 994 1634 limites
1017 1583 1085 1633 tidei
1106 1595 1209 1634 revera
1232 1583 1272 1632 sic
1297 1582 1502 1648 indulgendum
1525 1585 1572 1641 est,

367 1662 443 1724 quod
454 1663 571 1727 propter
581 1663 649 1714 talia
661 1663 764 1716 delicta
776 1663 897 1716 ecclesia
906 1666 965 1715 suis
973 1666 1199 1728 possessionibus
1212 1667 1240 1716 et
1252 1665 1360 1716 iuribus
1373 1680 1430 1716 nou
1439 1666 1577 1731 spolietis,

368 1744 435 1808 quia
446 1745 581 1809 scriptum
593 1748 646 1805 est,
660 1747 735 1808 quod
755 1746 916 1798 -delictum
933 1760 1055 1813 persone
1072 1749 1101 1798 in
1121 1748 1271 1811 dampnum
1289 1748 1410 1800 ecclesie
1422 1749 1575 1801 redundare

369 1840 425 1877 non
444 1827 528 1879 debet
537 1828 573 1891 (3)
586 1845 613 1893 -3
627 1841 750 1892 persona
761 1843 828 1881 vero
839 1828 1006 1893 delinquens
1017 1830 1052 1881 ad
1068 1830 1216 1880 arbitrium
1229 1831 1273 1881 sui
1284 1831 1386 1881 iudicis
1398 1829 1580 1897 competentis

369 1910 399 1960 et
418 1923 474 1960 non
495 1909 622 1971 alterius,
647 1913 768 1963 maxime
791 1912 897 1962 subditi
921 1913 951 1963 et
973 1910 1056 1976 layci,
1082 1913 1126 1962 est
1148 1913 1301 1976 punienda,
1325 1914 1393 1976 quia
1416 1927 1510 1966 servus
1527 1914 1581 1962 aut

371 1994 427 2042 stat
446 1994 495 2043 aut
515 1994 590 2044 cadit
610 2008 660 2044 suo
682 1994 850 2057 dominoli).
871 1995 909 2045 Et
925 1996 966 2045 ita
984 1995 1135 2059 presertim
1155 1994 1209 2045 hoc
1227 2009 1293 2046 casu
1313 1996 1455 2060 mendum
1475 1997 1521 2053 est,
1536 2004 1579 2042 ne

369 2076 427 2125 tam
447 2075 596 2126 benedicta
616 2078 768 2142 generacio
788 2077 1052 2141 interpollacionem
1073 2078 1193 2141 recipiat
1215 2076 1259 2129 vel
1283 2078 1415 2129 aborsum
1439 2073 1579 2134 unumst

370 2158 491 2208 termina
509 2158 627 2208 istorum
645 2162 793 2223 parentum
811 2174 828 2210 a
845 2160 925 2224 prole
943 2160 1066 2225 tegenda
1083 2162 1148 2211 sunt
1170 2159 1407 2212 Christotlliorum
1429 2162 1497 2218 Noe,
1514 2158 1576 2210 Sem

370 2241 399 2291 et
418 2239 529 2304 iaphet,
552 2254 586 2291 ue
606 2241 711 2304 proles,
732 2243 858 2306 paternis
878 2241 1018 2294 insultans
1039 2243 1210 2308 obprobriis,
1228 2242 1434 2306 percelleretur
1454 2240 1577 2294 maledic·

370 2322 495 2373 tionibus
523 2323 619 2381 (iham,
644 2325 691 2386 qui
715 2326 794 2375 iuxta
816 2327 978 2375 sanctorum
1007 2325 1159 2390 Augustini
1182 2327 1211 2376 et
1233 2325 1376 2389 ieronymi
1405 2324 1575 2377 centenum,

370 2405 437 2467 quia
463 2419 499 2456 ex
526 2404 593 2456 hinc
621 2406 771 2458 maledicta
798 2407 893 2472 proles
921 2408 1066 2466 extiterat,
1090 2409 1168 2458 recte
1191 2407 1277 2458 etiam
1299 2408 1416 2472 punitur
1436 2409 1464 2458 in
1486 2403 1574 2472 proici

371 2487 462 2551 qualis
483 2489 604 2551 denique
625 2489 765 2540 Iohannes
786 2489 847 2541 llus
865 2490 893 2540 in
912 2489 966 2541 hoc
986 2504 1067 2541 sacro
1088 2489 1297 2540 Constantiensi
1317 2489 1446 2555 generali
1465 2484 1575 2540 concili⁰

369 2569 445 2620 iusto
463 2569 516 2621 Dei
533 2569 638 2621 iudicio
656 2572 823 2636 dampnatus
840 2572 937 2631 luerit,
950 2572 1009 2623 suis
1022 2572 1169 2623 demeritis
1186 2573 1215 2622 et
1231 2571 1377 2622 erroribus
1395 2569 1574 2638 exigentibus,

368 2651 446 2704 iuter
462 2653 560 2704 cetera
576 2666 611 2704 ex
628 2667 662 2705 ao
682 2655 711 2705 et
727 2668 779 2719 pro
796 2669 841 2714 eo,
860 2655 926 2717 quia
941 2654 1127 2719 pertinaciter
1147 2654 1292 2705 asserebat
1311 2656 1340 2704 et
1359 2654 1512 2716 astruebat,
1528 2653 1579 2715 pff

368 2732 464 2799 laycos
484 2735 519 2786 ad
540 2749 621 2786 suum
640 2737 789 2787 arbitrium
808 2750 892 2801 posse
911 2737 987 2787 bona
1007 2735 1175 2800 temporalia
1193 2735 1271 2787 licite
1295 2735 1402 2786 aulerri
1421 2749 1438 2787 a
1455 2729 1573 2800 personis

369 2816 569 2869 ecclesiasticis
589 2821 707 2883 propter
728 2833 826 2870 eorum
847 2821 971 2883 peccata,
993 2817 1156 2884 intelligere
1174 2819 1303 2870 nesciens
1323 2819 1398 2881 quod
1418 2813 1571 2884 temporalia

368 2899 563 2964 spiritualibus
582 2901 625 2951 sic
644 2905 710 2951 sunt
730 2915 850 2963 annexa,
872 2903 945 2964 quod
966 2900 1129 2965 spiritualia
1148 2902 1209 2953 sine
1233 2899 1437 2964 temporalibus
1456 2901 1504 2952 diu
1521 2907 1568 2951 esst

369 2995 425 3032 uon
433 2985 560 3046 possunt,
568 2984 597 3035 et
607 2984 682 3046 quod
692 2984 766 3034 bona
775 2983 993 3048 temporaliaita
1002 2985 1161 3034 sustentant
1170 2982 1570 3050 sacerdociumewangelicuu.

368 3065 442 3115 sicut
457 3068 635 3118 sacramenta
647 3065 765 3117 ecclesie
783 3081 846 3116 cum
864 3080 915 3117 suo
932 3065 1011 3117 cultu
1028 3067 1084 3131 ipsi
1101 3065 1155 3117 soli
1173 3066 1335 3116 sacerdotes
1355 3065 1572 3118 concelebrantes

368 3148 398 3198 et
419 3148 614 3200 ministrantes
637 3150 798 3200 sustentant
826 3150 910 3212 atque
933 3150 1115 3212 conservant;
1140 3149 1214 3199 unde
1243 3146 1411 3212 temporalia
1433 3148 1510 3200 bona
1530 3159 1575 3199 non

369 3231 426 3281 tam
449 3244 502 3295 pro
529 3232 707 3283 sacerdotum
728 3245 809 3294 quam
832 3245 884 3296 pro
907 3231 1000 3282 cultus
1024 3231 1111 3282 divini
1134 3230 1336 3292 celebratione,
1360 3231 1578 3288 continuacicnc,

368 3313 578 3365 sustentacioue
597 3314 715 3364 lundata
735 3318 763 3364 et
783 3316 842 3366 Deo
862 3313 958 3365 oblata
978 3315 1051 3371 sunt,
1078 3315 1107 3364 et
1124 3314 1191 3376 quia
1212 3314 1389 3364 sacramenta
1408 3314 1580 3365 sacerdotum

368 3395 480 3446 bouitas
498 3395 542 3447 rel
561 3396 674 3447 malicia
691 3396 887 3448 substancialis
906 3396 1004 3460 nequit
1021 3395 1173 3447 meliorare
1190 3397 1233 3446 rel
1253 3395 1440 3453 deteriorare,
1453 3397 1582 3459 quoniam

369 3491 467 3529 eorum
485 3478 630 3532 dumtaxat
646 3479 780 3543 potencia
796 3479 918 3529 sufficiat
934 3479 985 3530 illa
1002 3479 1180 3529 sacramenta
1203 3477 1358 3537 celebrare,
1377 3477 1522 3530 conticere
1538 3493 1584 3531 seu

369 3560 531 3612 ministrare
548 3563 578 3613 et
594 3562 762 3613 continuare
778 3562 809 3612 in
827 3560 957 3613 ecclesia.
977 3559 1039 3619 Qua
1055 3560 1090 3612 de
1107 3575 1149 3622 re,
1163 3561 1325 3612 auferentes
1338 3559 1510 3624 temporalia
1521 3561 1586 3614 viris

369 3641 579 3707 ecclesiasticis,
603 3643 710 3695 cultum
733 3643 882 3709 religionis
904 3642 1060 3694 christiane
1081 3644 1239 3703 destruunt,
1262 3642 1328 3706 quia
1349 3643 1589 3696 sustentacionem

368 3725 547 3776 sacerdotum
569 3728 715 3790 auferunt,
734 3726 815 3777 cuius
838 3724 904 3777 ruiti
925 3725 1030 3776 robore
1053 3727 1165 3790 prelato
1188 3725 1328 3776 vacabunt
1349 3724 1540 3778 celebrationi
1562 3728 1590 3778 et

366 3805 468 3872 cultui;
487 3808 535 3871 qui
552 3810 619 3862 tuuc
636 3809 728 3861 cultus
746 3808 942 3873 multipliciter
960 3808 1126 3867 destruitur,
1147 3809 1259 3871 quando
1278 3808 1410 3859 decentes
1428 3809 1588 3872 possessio·

369 3903 436 3940 num
450 3893 675 3945 sustentaciones
692 3892 822 3958 personis
840 3890 1040 3943 ecclesiasticis
1057 3892 1235 3952 auferuntur,
1254 3891 1315 3954 ipse
1332 3902 1442 3952 quoque
1454 3905 1591 3955 persone,

402 4223 437 4286 (Ι)
458 4224 540 4277 Proo.
554 4223 684 4284 XXVIII,
697 4224 738 4275 24.

403 4306 438 4368 (2)
456 4305 642 4359 Ecclesiastici
654 4307 707 4372 III,
721 4309 762 4358 15.

402 4386 437 4449 (3)
456 4386 611 4441 Decretclia
625 4388 876 4457 Greqorii,lib.11,
891 4390 935 4441 tit.
948 4402 1014 4451 xxv,
1027 4403 1089 4455 cap.
1101 4387 1127 4454 6,
1140 4387 1169 4441 ln
1185 4388 1291 4458 Corpus
1303 4392 1377 4444 iuris
1388 4398 1536 4457 canonici,
1549 4395 1594 4451 ed.

370 4468 538 4534 Lancclotti,
552 4471 605 4523 blz.
617 4470 677 4521 303.

403 4552 439 4617 (Ι)
458 4552 536 4605 Rom.
552 4553 628 4617 XIV,
640 4554 666 4604 4.
