3210 5386
532 589 638 644 ANNO
656 587 719 640 iser
1189 587 1239 642 147

154 794 156 808 .
169 756 353 821 inquisitores
364 756 491 808 heretice
502 755 652 820 pravitatis
661 754 809 821 deputatos
819 755 989 808 auctoritate
997 755 1073 807 sedis
1082 754 1237 821 apostolice

154 851 237 890 emam
255 851 394 891 canonum
414 838 613 890 commendant
630 837 760 903 magistri
777 851 857 889 sacre
875 836 1021 904 theologie
1038 837 1192 903 subscripti
1208 839 1239 890 et

154 935 176 981 r,
189 921 265 986 quod
277 921 431 987 dignentur
442 921 576 986 prosequi
593 934 658 973 cum
675 919 735 972 zelo
747 933 846 972 eorum
858 920 993 972 officium.
1006 919 1145 979 Secundo.
1159 921 1235 984 quod

154 1017 250 1069 ‚posse
261 1003 324 1055 fleri
333 1003 521 1068 permissione
531 1003 627 1055 divina
635 1017 671 1055 ex
682 1003 884 1068 cooperatione
897 1002 1010 1068 dyaboli
1027 1016 1079 1067 per
1092 1001 1236 1054 maleficos

154 1089 295 1145 deas,n0n
307 1087 351 1138 est
367 1086 542 1137 contrarium
562 1086 629 1137 fidei
648 1083 800 1149 catholice,
810 1085 860 1137 sed
879 1099 1035 1137 consonum
1053 1085 1135 1137 dictis
1156 1097 1236 1136 sacre

157 1206 165 1232 ,
185 1183 250 1234 ymo
271 1168 463 1221 necessarium
479 1169 532 1226 est,
550 1168 631 1219 iuxta
652 1167 808 1220 sententias
825 1169 987 1238 sanctorum
1009 1168 1166 1224 doctorum,
1185 1165 1235 1218 illa

154 1266 184 1304 ue
195 1265 279 1319 posse
291 1252 354 1303 fleri
366 1251 525 1303 admittere.
544 1250 656 1308 Tercio‚
669 1250 817 1315 predicare
830 1263 911 1316 ergo,
928 1247 1069 1301 maleficia
1080 1264 1136 1301 uon
1153 1263 1238 1314 posse

154 1347 264 1388 'oneum
286 1335 339 1394 est,
363 1333 431 1397 quia
453 1333 495 1384 sic
516 1333 695 1399 predicantes
717 1332 886 1397 impediunt,
910 1333 1096 1396 quantumin
1119 1332 1161 1385 eis
1183 1333 1239 1389 est,

154 1431 179 1470 m
189 1417 390 1481 inquisitorum
402 1417 431 1467 iu
444 1415 632 1481 preiudicium
644 1413 744 1466 salutis
756 1415 924 1467 animarum.
938 1414 1054 1467 Secreta
1066 1418 1169 1476 tamen,
1182 1429 1238 1479 que

154 1513 183 1552 re
193 1500 228 1552 ab
240 1499 457 1563 inquisitoribus
469 1498 631 1556 audiuntur,
645 1512 701 1549 non
719 1500 785 1549 sunt
796 1497 927 1549 omuibus
938 1498 1099 1550 revelanda.
1119 1497 1237 1556 Ultimo.

156 1582 186 1632 di
207 1582 325 1634 veniunt
352 1594 450 1633 omnes
476 1581 620 1646 principes
643 1583 674 1633 et
698 1581 858 1645 quicunque
882 1579 1025 1639 catholici,
1049 1582 1080 1631 ut
1103 1581 1237 1633 assistere

154 1665 238 1715 rtam
255 1663 311 1728 piis
328 1663 400 1713 votis
417 1662 617 1727 inquisitorum
634 1676 687 1727 pro
705 1663 871 1714 defensione
888 1663 985 1714 sancte
1002 1661 1142 1714 catholice
1159 1662 1237 1715 fidei.

154 1759 245 1798 nvero
254 1745 406 1809 subscripti
416 1745 446 1797 et
456 1745 641 1809 suprascripti
654 1745 784 1796 doctores
796 1745 923 1810 predicte
934 1743 1078 1797 facultatis
1091 1743 1237 1811 theologie

156 1827 281 1894 propriis
292 1840 324 1879 se
336 1826 576 1891 subscripserunt,
588 1829 674 1892 prout
685 1840 748 1893 ego.
768 1826 912 1878 Arucldus
929 1827 1057 1879 notarius
1074 1826 1240 1893 infrascrip-

154 1909 289 1962 relatione
309 1907 422 1961 honesti
437 1908 579 1960 iohannis
598 1908 693 1960 Vorda
712 1909 748 1960 de
765 1908 929 1970 Mecblinia,
951 1908 1024 1961 alme
1044 1910 1237 1962 universitatis

155 1993 193 2045 sis
212 1991 319 2044 bedelli
336 1992 432 2050 iurati,
446 1992 495 2055 qui
515 1989 602 2042 michi
625 1990 679 2042 hcc
702 1989 810 2052 retulit,
835 1992 930 2044 audivi
950 1994 980 2045 et
998 1992 1042 2057 (ut
1060 2005 1096 2044 ex
1107 1993 1238 2044 manibus

154 2089 215 2142 pra-
226 2075 256 2128 et
272 2074 463 2139 infrascriptis
475 2073 618 2139 apparuit)
642 2074 710 2139 vidi,
730 2074 759 2125 iu
779 2073 864 2138 hunc,
883 2075 931 2136 qui
948 2075 1088 2139 sequitur,
1100 2075 1235 2127 modum:

155 2158 302 2210 ambertus
314 2157 349 2209 de
369 2157 476 2218 Monte,
488 2170 569 2208 sacre
581 2155 726 2222 theologie
742 2155 858 2209 humilis
870 2158 1025 2222 professor,
1038 2158 1079 2209 ita
1090 2157 1192 2216 sentio,
1205 2159 1238 2209 ut

156 2241 212 2299 tur,
225 2240 298 2292 feste
316 2238 368 2291 hac
380 2252 464 2290 manu
477 2252 540 2290 mea
556 2239 682 2304 propria,
694 2252 747 2303 pro
765 2240 893 2304 tempore
911 2239 1044 2291 decanus.
1057 2262 1070 2284 ·
1088 2266 1121 2279 -
1139 2239 1235 2307 «Ego,

159 2324 194 2375 de
212 2321 335 2381 Straleu,
348 2335 429 2374 sacre
441 2321 586 2387 theologie
609 2322 754 2387 professor
765 2322 909 2381 minimus,
926 2323 967 2374 ita
978 2323 1082 2387 sentio,
1105 2324 1137 2374 ut
1152 2337 1239 2388 supra

155 2443 162 2465 ,
176 2406 251 2469 quod
260 2405 398 2457 testificor
406 2418 491 2456 manu
502 2419 567 2458 mea
577 2405 704 2470 propria.
719 2427 732 2450 n
741 2433 774 2442 -
786 2404 879 2471 «Ego,
892 2404 1043 2457 Udalricus
1054 2406 1194 2457 Kridwiss
1203 2407 1238 2458 de

155 2503 179 2546 n,
193 2501 273 2540 sacre
285 2487 431 2554 theologie
448 2489 594 2552 professor
611 2487 790 2547 novissimus,
804 2490 835 2540 ut
851 2488 1041 2554 prescriptum
1052 2489 1106 2547 est,
1119 2488 1160 2540 ita
1174 2502 1237 2541 sen·

155 2571 225 2629 ,hac
244 2583 344 2622 manus
363 2570 479 2636 proprie
496 2570 638 2634 scriptura
654 2584 768 2622 censeo.
782 2593 794 2615 n
814 2597 848 2608 -
869 2591 881 2613 ι·
900 2572 937 2623 Et
954 2584 1019 2636 ego,
1037 2570 1183 2622 Conradus
1203 2571 1239 2622 de

155 2667 230 2706 sacre
240 2651 386 2719 theologie
395 2654 540 2717 professor
550 2651 722 2709 humilimus.
732 2654 818 2718 prout
829 2666 916 2718 supra
927 2667 990 2704 cum
1001 2652 1156 2705 maioribus
1168 2653 1239 2706 meis

155 2748 285 2786 concurro
298 2734 442 2785 iudicium.
457 2755 470 2778 n
486 2760 515 2770 —
535 2755 547 2775 u
561 2733 632 2799 Ego,
646 2733 795 2785 Cornelius
813 2735 848 2786 de
866 2735 968 2793 Breda,
982 2735 1115 2786 minimus
1126 2736 1237 2800 profes·

155 2817 254 2880 sentio,
274 2819 305 2867 ut
321 2816 510 2881 prescriptum
528 2817 581 2872 est,
598 2816 673 2879 quod
693 2816 832 2868 testificor
848 2830 932 2868 mauu
950 2830 1014 2868 mea
1030 2817 1155 2883 propria.
1175 2839 1187 2862 n
1205 2843 1238 2856 -

155 2938 161 2958 ,
174 2899 298 2951 Thomas
309 2900 344 2951 de
356 2899 464 2958 Scocla,
478 2912 558 2950 sacre
576 2898 721 2965 theologie
738 2900 894 2964 professor,
906 2897 974 2951 licet
991 2899 1159 2965 immeritus,
1171 2914 1237 2951 con·

166 2982 257 3034 sentio
270 2981 479 3034 venerabilibus
491 2981 701 3047 professoribus
718 2982 896 3047 prescriptis,
915 2984 987 3034 teste
1003 2995 1087 3033 manu
1099 2995 1163 3035 mea
1173 2996 1238 3048 pro·

158 3085 171 3108 ι
179 3065 252 3131 Ego,
259 3063 452 3117 Theodericus
462 3064 496 3115 de
507 3063 743 3126 Bummell,sacre
753 3063 899 3130 theologie
908 3063 1073 3117 humilimus
1081 3066 1239 3131 professor,

155 3162 177 3206 s,
190 3148 264 3199 sicut
274 3147 463 3212 prescriptum
481 3149 525 3198 est
542 3160 594 3212 per
606 3147 758 3214 magistros
775 3161 854 3199 meos
865 3148 1049 3213 prescriptos,
1061 3149 1137 3212 quod
1149 3149 1239 3201 testor

155 3243 179 3281 sa
189 3230 314 3295 propria.
329 3252 342 3275 n
354 3257 387 3267 -
404 3251 416 3272 ι
433 3229 467 3281 ln
479 3229 640 3282 assercione
654 3229 840 3281 articulorum
851 3230 1075 3296 prescriptorum
1086 3231 1241 3282 conformis

155 3326 191 3363 rm
199 3326 264 3363 cum
272 3313 442 3365 venerandis
450 3313 595 3379 magistris
605 3312 710 3364 nostris
718 3313 934 3378 preceptoribus
942 3314 1024 3371 meis,
1036 3327 1100 3379 ego.
1112 3314 1241 3368 Andreas

155 3395 333 3457 infurtsacre
343 3392 487 3462 theologie
497 3395 641 3447 facultatis
649 3395 1039 3464 professoractheolcgorum
1048 3397 1242 3448 universitatis

156 3476 198 3528 ‚sis
207 3474 322 3542 collegii
334 3477 476 3529 minimus.
491 3500 503 3522 n

155 3560 212 3611 ime
241 3561 336 3611 autem
356 3563 386 3610 et
411 3559 536 3612 finaliter
553 3561 706 3626 jamdictus
730 3560 901 3612 venerabilis
924 3562 954 3614 et
972 3562 1126 3628 religiosus
1150 3563 1241 3614 frater

156 3657 161 3694 s
190 3641 333 3693 Institoris
355 3643 506 3707 inquisitor
526 3643 625 3695 habuit
647 3646 676 3695 et
692 3644 785 3696 tenuit
806 3644 836 3695 in
864 3645 923 3695 suis
946 3645 1076 3697 manibus
1099 3646 1240 3710 quandam

156 3728 244 3777 teram
256 3738 475 3792 pergameueam
487 3725 662 3778 serenissimi
673 3727 751 3792 regis
764 3726 970 3789 Romanorum,
978 3727 1075 3794 sigillo
1087 3743 1138 3780 suc
1152 3729 1241 3781 rubeo

155 3809 185 3859 in
194 3822 279 3873 capsa
288 3822 353 3860 cere
365 3808 467 3875 glauce
476 3809 616 3874 impressa
628 3807 797 3875 impressula
813 3810 980 3876 pergameni
991 3811 1111 3863 inferius
1134 3811 1242 3876 impen-

156 3890 282 3956 dllatam,
295 3905 392 3942 sanam
410 3894 440 3942 et
456 3891 607 3958 integram,
621 3906 677 3942 non
692 3891 832 3952 viciatam,
845 3907 902 3945 non
913 3893 1098 3946 cancellatum
1110 3907 1202 3957 neque
1213 3894 1243 3946 in

156 3975 179 4026 si
196 3976 278 4040 parte
296 3976 465 4040 suspectam,
477 3975 528 4026 scd
545 3975 622 4026 omni
639 3988 756 4040 prorsus
772 3975 846 4028 vicio
864 3978 893 4028 et
910 3976 1071 4041 suspicione
1089 3978 1243 4038 carentem,

176 4058 204 4109 in
223 4055 380 4109 faciliorem
398 4058 612 4122 expedicionem
633 4056 717 4109 huius
736 4057 849 4124 negocii
868 4058 936 4111 fidei
951 4058 1028 4111 idem
1047 4059 1245 4112 serenissimus

172 4141 367 4194 Romanorum
384 4153 436 4191 rex
453 4142 581 4205 prelatus
597 4141 688 4206 ipsam
704 4141 823 4192 eandem
834 4139 942 4193 bullam
953 4140 1138 4206 apostolicam
1148 4155 1246 4207 supra·

156 4226 289 4288 tanquam
309 4222 561 4276 christianissimus
579 4223 713 4291 princeps
733 4223 807 4275 tueri
830 4224 860 4276 et
879 4224 1033 4277 defendere
1052 4223 1143 4276 voluit
1161 4226 1246 4289 atque

156 4307 231 4372 ipsos
248 4305 432 4370 inquisitores
450 4307 478 4356 in
496 4320 575 4358 suam
593 4306 783 4358 omnimodam
800 4306 1007 4371 protectionem
1024 4306 1151 4373 suscipit,
1167 4319 1245 4359 mau-

156 4388 308 4454 srecipiens
319 4388 449 4439 omnibus
461 4392 491 4440 et
502 4387 623 4453 siugulis
635 4388 764 4440 Romano
776 4387 897 4453 imperio
912 4387 1041 4454 subditis,
1053 4389 1094 4452 ut,
1106 4388 1137 4440 in
1148 4402 1247 4442 execu-

157 4472 216 4523 ium
229 4471 413 4537 negociorum
426 4471 501 4529 fidei,
512 4470 582 4534 ipsis
592 4469 809 4534 inquisitoribus
818 4483 930 4523 omnem
942 4472 1068 4524 favorem
1076 4471 1107 4524 et
1118 4471 1251 4524 assisten-

156 4554 263 4606 ribeant
280 4568 312 4604 ac
324 4553 394 4604 alias
406 4553 520 4611 faciant,
534 4554 619 4615 prout
635 4553 665 4603 in
682 4551 782 4605 eadem
799 4551 896 4606 littera
912 4551 1024 4618 plenius
1041 4553 1204 4605 continetur
1220 4554 1250 4604 et

156 4674 159 4684 .
172 4636 259 4688 cuius
271 4636 385 4701 quidem
396 4634 491 4687 littere
503 4633 609 4702 regalis
622 4634 793 4701 principium
805 4636 835 4688 et
846 4635 910 4687 finis
921 4634 968 4688 hic
985 4636 1061 4688 infra
1077 4636 1250 4688 annotantur
