3164 5386
586 539 691 593 ANNO
710 538 773 590 1³49
1004 534 1009 543 ’
1258 542 1289 593 31

67 709 264 774 inquisitione,
286 722 372 774 super
392 707 446 761 hsc
464 722 496 762 re
516 709 686 760 sententiam
706 707 898 774 protulerunt.
920 707 982 762 Hoc
1001 708 1132 775 exemplo
1153 709 1290 774 probatur

67 804 174 858 magna
184 792 306 858 negocia
317 792 352 842 ad
365 804 505 842 summum
517 791 674 856 principem
688 791 792 844 dehere
806 791 923 855 reterri.

103 873 185 926 lianc
206 874 292 925 etiam
321 874 499 938 questionem
521 887 634 938 possem
658 873 803 931 canonice,
826 873 857 937 jd
881 874 926 925 est
948 873 1117 925 auctoritate
1142 887 1291 932 canonum,

69 955 233 1021 declarare3
247 957 297 1008 sed
308 955 380 1007 mihi
392 955 526 1022 theologo
538 955 606 1007 licet
617 956 745 1006 minimo.
758 955 864 1007 Fontes
876 955 981 1006 sufficit
992 954 1129 1021 allegare,
1144 969 1179 1007 ex
1191 955 1293 1019 quihus

68 1039 251 1104 postmodum
263 1040 358 1090 ortum
370 1037 531 1091 hahuerunt
547 1037 683 1089 canonice
700 1037 881 1089 sanctiones:
895 1036 1105 1092 Exrasnnenns
1124 1038 1162 1090 De
1173 1039 1292 1106 inquiri·

68 1120 202 1181 musa,
214 1134 278 1186 cap.
292 1119 417 1179 Qualiter
428 1127 453 1172 et
465 1118 586 1188 quando.

104 1203 207 1262 Porro.
225 1203 403 1254 sanctissime
420 1204 502 1268 pater
519 1216 551 1253 ac
569 1202 693 1260 domine,
710 1201 839 1267 predicta
859 1201 894 1252 ad
913 1202 1092 1267 propositum
1112 1201 1289 1266 applicando.

68 1285 213 1350 quoddam
229 1298 364 1351 magnum
381 1286 411 1336 et
428 1285 548 1337 arduum
566 1284 713 1351 negotium
731 1296 822 1349 nuper
840 1284 966 1337 emersit.
980 1283 1142 1336 Insurrexlt
1153 1285 1293 1350 siquidem

68 1367 249 1433 quorundam
266 1366 424 1432 hominum,
445 1381 514 1431 quos
534 1366 581 1431 alii
606 1364 806 1431 thellatorss
826 1365 981 1431 appellant,
1002 1380 1078 1418 noua
1097 1367 1184 1426 secta,
1205 1380 1294 1418 nouas

67 1449 152 1517 leges
172 1451 202 1502 et
221 1449 401 1508 cerimonias.
421 1449 454 1514 jd
473 1451 518 1501 est
537 1447 698 1516 singulares
722 1448 918 1500 obseruantias
941 1449 1018 1500 circa
1038 1447 1145 1501 cultum
1165 1449 1293 1500 diuinum

69 1532 242 1595 obseruans3
264 1532 435 1596 quequidem
455 1531 543 1592 secta,
564 1545 615 1583 seu
635 1531 730 1595 potius
751 1531 925 1595 superstitio.
947 1531 1004 1582 iam
1024 1531 1065 1582 sic
1082 1532 1175 1584 creuit
1191 1535 1221 1582 et
1237 1531 1293 1582 iam

68 1627 125 1680 per
141 1616 184 1666 tot
201 1613 417 1666 christianitatis
434 1613 596 1678 prouincias
613 1627 644 1665 se
663 1614 806 1678 dispersit.
825 1617 866 1674 ut,
884 1612 1047 1678 yperbolice
1065 1613 1217 1677 loquendo,
1238 1628 1294 1677 qua

68 1696 217 1750 locutione
239 1695 312 1748 solet
333 1697 502 1760 frequenter
523 1696 562 1759 vtj
588 1694 735 1760 Scriptura
762 1696 797 1746 ad
827 1695 1045 1760 exprimendum
1073 1696 1135 1747 eius
1162 1709 1294 1762 magnam

69 1779 260 1844 quantitatem
276 1791 327 1830 seu
346 1776 568 1834 multitudinem.
587 1790 713 1843 congrue
727 1777 781 1842 dicj
794 1778 884 1843 possit
901 1791 953 1842 per
970 1791 1068 1829 omnes
1079 1777 1295 1830 christianitatis

69 1860 236 1927 prouincias
263 1861 320 1912 iam
349 1873 412 1912 ease
441 1859 552 1910 diffusa.
583 1858 657 1911 Sane
685 1861 791 1922 autem,
819 1856 997 1911 sanctissime
1025 1862 1116 1925 pater.
1149 1874 1213 1911 cum
1241 1860 1297 1912 ista

69 1943 238 2008 superstitio
255 1956 347 2007 nuper
369 1955 458 2006 usque
476 1941 511 1992 ad
528 1941 681 1994 interiores
701 1943 798 2006 partes
817 1942 938 1995 Frmcie
958 1943 1145 2006 peruenisset,
1165 1941 1295 2008 nonnulli

70 2022 201 2089 episcopt
224 2037 257 2075 ac
280 2023 433 2089 principes,
460 2036 580 2088 quorum
607 2025 699 2074 terras
721 2023 867 2076 inuaserat
894 2026 1064 2085 nescientes,
1096 2025 1146 2077 sed
1174 2023 1294 2077 multum

69 2105 213 2172 perplexi,
243 2106 311 2169 quid
339 2106 381 2157 eis
409 2108 485 2158 esset
513 2118 599 2169 super
626 2105 680 2156 hoc
708 2107 824 2171 negotio
856 2106 1017 2159 iaciendum
1041 2120 1048 2155 ε
1077 2109 1171 2158 rtrum
1199 2108 1296 2159 essent

71 2187 258 2254 permittendj
279 2189 375 2240 tacere
395 2188 470 2252 quod
490 2186 632 2248 volebant,
654 2186 697 2239 vel
718 2188 760 2239 eis
780 2191 857 2240 esset
875 2189 1064 2241 resistendum
1085 2191 1143 2241 tam
1161 2203 1214 2254 per
1230 2202 1296 2241 cen·

72 2283 171 2322 suram
188 2269 409 2322 ecclesiasticam
430 2284 513 2335 quam
533 2283 585 2336 per
604 2270 752 2322 brachium
772 2270 900 2323 seculare
912 2272 958 2334 (1),
977 2272 1140 2324 Parisiense
1160 2272 1293 2332 studium,

71 2352 136 2416 ubj,
148 2353 220 2404 teste
232 2352 342 2418 Pe[tro]
357 2350 520 2420 Ble[sensi]‚
533 2353 562 2404 in
576 2354 696 2417 quadam
708 2353 838 2418 epistola,
853 2353 1011 2406 difficilium
1029 2355 1209 2418 questionum
1227 2355 1293 2419 nodj

74 2434 282 2499 intricatissimi
306 2433 497 2496 resoluuntur,
521 2438 551 2487 et
572 2436 725 2501 presertim
752 2434 917 2488 facultatem
941 2435 1092 2502 theologie'
1109 2450 1161 2502 per
1183 2436 1295 2488 litteras

75 2517 107 2568 et
126 2516 245 2567 nuncios
261 2514 412 2569 consulere
431 2517 631 2570 decreuerunt.
653 2517 830 2570 Parisienses
851 2521 945 2570 autem
965 2519 1106 2585 magistri,
1128 2521 1295 2585 reputantes

74 2596 132 2649 hoc
153 2599 300 2664 negotium
323 2612 386 2651 esse
408 2598 490 2652 valde
513 2613 647 2666 magnum
675 2601 705 2652 et
733 2601 861 2660 arduum.
892 2603 952 2652 tum
979 2603 1097 2666 propter
1124 2601 1191 2653 huic
1218 2601 1295 2653 secte

73 2679 274 2732 adherentium
285 2679 496 2734 multitudinem
514 2683 668 2748 copiosam,
686 2685 746 2734 tum
763 2686 880 2748 propter
897 2682 981 2735 huius
998 2684 1075 2736 seete
1092 2685 1122 2736 et
1138 2683 1291 2736 obseruan-

74 2763 181 2815 tiarum
199 2763 290 2827 ipsius
312 2763 457 2815 insolitam
477 2765 642 2826 nouitatem,
667 2779 702 2817 ex
726 2779 782 2828 qua
803 2765 953 2817 imminere
976 2765 1089 2818 videtur
1111 2766 1185 2817 ritus
1207 2764 1297 2818 eccle-

72 2845 183 2897 siastici
202 2859 307 2912 magna
325 2846 455 2902 mutatio.
474 2846 738 2900 determinauerunt
757 2848 880 2912 vnanimj
901 2847 1021 2899 consilio
1041 2847 1126 2899 huius
1146 2848 1294 2915 negotium

68 2929 137 2979 tore
155 2926 257 2979 Vestre
277 2927 451 2993 Beatitudinl
473 2929 673 2988 nunciandum,
695 2930 755 2994 qui,
775 2931 917 2994 umquam
935 2944 1060 2982 summus
1079 2931 1220 2996 princeps,
1242 2931 1296 2982 toti

71 3008 202 3063 Ecclesie
214 3010 376 3075 presidetis.
395 3012 435 3075 et,
454 3013 485 3062 ut
501 3010 555 3064 hoc
572 3012 656 3063 fleret
666 3011 830 3071 solemnius,
844 3012 973 3078 magistri
986 3013 1088 3079 pretstj
1102 3012 1296 3065 illustrissimo

69 3091 195 3159 principi
215 3093 330 3144 domino
346 3094 410 3160 regj
429 3093 548 3146 Francie
566 3093 799 3160 supplicauerunt
815 3093 970 3158 humiliter,
989 3097 1021 3147 ut
1036 3109 1089 3161 pro
1106 3096 1162 3147 isto
1179 3095 1297 3162 negotio

70 3173 176 3226 Vestro
199 3173 346 3239 Sanctitatj
370 3175 497 3228 scribere
522 3176 699 3242 dignaretur,
722 3177 887 3242 quiquidem
916 3177 1046 3229 dominus
1068 3191 1129 3239 rex,
1154 3178 1296 3242 tamquam

70 3257 209 3323 princeps
230 3256 387 3310 catholicus
407 3257 514 3310 zelator
534 3258 690 3311 christiane
709 3258 860 3325 religionis
883 3261 913 3311 et
931 3260 1008 3319 tidei.
1029 3260 1180 3313 confestim
1197 3273 1296 3312 eorum

70 3339 208 3405 precihus
232 3340 387 3403 annuebst3
412 3343 585 3406 quapropter
608 3341 671 3407 ipae
700 3342 830 3393 dominus
853 3355 905 3394 rex
928 3344 957 3396 et
979 3342 1108 3409 magistu·
1134 3356 1220 3408 super
1245 3342 1299 3394 hac

70 3434 107 3475 re
136 3434 188 3486 per
212 3436 268 3479 me,
293 3422 340 3486 quj
371 3423 527 3488 predictam
552 3425 658 3475 sectam
685 3424 741 3476 fide
767 3437 958 3490 cognouersm
982 3424 1103 3486 oculata,
1129 3424 1198 3477 lioet
1219 3426 1299 3477 tanta

70 3503 219 3570 legatione
243 3504 402 3570 indignum,
432 3504 534 3558 Vostre
558 3506 705 3570 Sanctitatj
736 3506 862 3559 scrihere
891 3507 1091 3570 decreuerunt,
1115 3507 1298 3574 iniungentes
1361 3503 1363 3506 ⁴

71 3585 156 3645 mihi,
181 3587 212 3638 ut
238 3587 312 3638 idem
341 3588 488 3653 negotium
515 3588 617 3640 vestre
643 3589 790 3653 sanctitati
818 3588 930 3654 plenius
952 3588 1135 3655 explicarem,
1163 3590 1238 3654 quod
1266 3591 1298 3641 ut

71 3669 211 3732 iacerem,
225 3668 320 3721 thema
331 3671 559 3735 preaesumptum
572 3684 667 3722 coram
679 3671 782 3722 Vestra
793 3670 948 3723 Sanctitate
960 3672 1105 3737 proposui.

107 3748 157 3803 Eat
164 3750 296 3821 popalus.
307 3754 361 3804 etc.
371 3754 451 3820 reqnj
462 3754 512 3820 ιη’,
520 3753 551 3818 jd
564 3755 608 3805 est
620 3755 706 3805 totius
715 3753 932 3805 christianitatis
941 3767 992 3806 seu
1001 3754 1149 3807 militantis
1159 3753 1297 3820 sceleste,

54 3833 152 3898 >quod
168 3836 213 3885 est
228 3832 312 3891 idem,
330 3834 376 3899 cuj
396 3834 594 3900 principaliter
614 3836 779 3901 presidetis3
802 3837 837 3888 de
861 3850 917 3900 quo
937 3850 1028 3903 regno
1050 3836 1181 3890 Saluator
1200 3838 1299 3889 noster

70 3917 170 3969 vestm
188 3917 393 3981 predecessorj‚
415 3917 502 3969 Petro
523 3917 641 3978 scilicet,
662 3918 775 3970 dicebat
797 3916 901 3970 Mathet
918 3918 949 3968 16
966 3916 1024 3986 (2):
1048 3939 1061 3961 a
1075 3920 1118 3972 Tu
1135 3933 1166 3972 es
1184 3919 1297 3978 Petrus,

72 3999 105 4050 et
115 4011 204 4063 super
220 3998 293 4050 hanc
309 4001 419 4064 petram
437 3999 574 4051 editlcabo
593 3999 749 4051 Ecclesiam
766 4014 857 4052 meam
870 4003 899 4052 et
910 4004 992 4066 porte
1003 4001 1087 4066 interi
1102 4016 1157 4053 non
1169 4001 1298 4067 preuele-

72 4079 147 4132 hunt
159 4080 295 4132 aduersus
313 4094 385 4147 eam,
398 4085 428 4133 et
439 4082 489 4147 tibj
504 4082 576 4134 dabo
588 4081 684 4134 claues
701 4083 783 4149 regnj
802 4082 937 4135 celorum.
952 4106 964 4128 n
983 4083 1069 4136 Glosa
1084 4083 1297 4136 interlinearis:

74 4183 89 4205 a
99 4162 133 4226 ld
150 4164 195 4215 est
208 4162 335 4216 Ecclesie
347 4165 443 4228 vtique
463 4178 585 4230 regnum
601 4165 678 4216 istud
696 4166 820 4217 vestrum
836 4168 890 4228 est,
908 4180 973 4218 nam
990 4180 1050 4225 eos,
1068 4167 1115 4231 qui
1133 4167 1210 4218 intus
1221 4168 1297 4226 sunt,

111 4485 149 4548 (1)
167 4483 243 4536 Hss.
256 4482 402 4537 brachium
412 4486 567 4550 singulare.

110 4564 149 4633 (2)
166 4565 302 4620 Matthaei
320 4567 360 4631 16,
379 4567 466 4620 18-19.
