3164 5386
794 518 899 572 ANNO
918 519 992 581 1⁴54,
1012 518 1076 569 libe

742 698 766 746 a.
782 696 884 749 Contra
900 695 1131 762 enemente.

353 827 436 890 Item,
448 828 500 877 sub
512 826 813 878 excommunicationis
830 839 905 890 pena
926 839 1036 877 necnon
1054 825 1229 877 bannitionis
1247 825 1335 876 unius
1354 825 1430 884 anni,
1443 826 1472 874 nt
1486 838 1536 888 pre

320 911 423 969 lertur,
435 911 485 959 aut
495 907 560 973 plus
572 907 616 959 rel
633 909 736 963 minus.
749 909 904 958 secundum
922 907 1088 970 qualitatem
1106 907 1213 963 delicti,
1225 905 1424 970 probibemus,
1438 920 1472 956 ne
1486 906 1538 968 quis

320 990 348 1039 in
363 990 414 1040 Dei
433 990 637 1052 omnipotentis
655 991 851 1039 sanctorumve
869 1001 996 1049 suorum,
1008 989 1159 1051 presertim
1172 987 1300 1052 gloriose
1312 988 1437 1052 virginis
1454 988 1539 1044 llarie¹

320 1069 525 1135 blasphemiam
538 1074 586 1120 aut
598 1073 695 1120 sancte
708 1070 784 1120 sedis
798 1069 953 1134 apostolice
965 1071 1046 1134 regie
1065 1070 1221 1133 majestatis
1239 1071 1269 1119 et
1286 1072 1389 1119 nostre
1407 1068 1541 1132 dignitatis

321 1150 492 1216 episcopalis
504 1151 718 1215 depressionem
731 1164 918 1215 prorumpere
931 1152 1034 1200 audeat
1049 1150 1093 1200 rel
1106 1153 1259 1215 presumat,
1274 1149 1464 1200 nibilominus
1474 1149 1543 1213 penis

320 1235 421 1283 contra
439 1232 510 1283 tales
527 1233 557 1282 in
574 1233 639 1295 jnre
657 1235 686 1283 et
703 1232 817 1282 statutis
835 1231 1018 1296 synodalibus
1041 1232 1146 1281 nostris
1166 1232 1309 1282 contentis
1330 1232 1363 1281 in
1382 1245 1434 1281 suo
1454 1230 1545 1280 robore

321 1327 526 1378 permansuris.

483 1431 488 1441 ’
584 1443 612 1492 S.
637 1443 785 1499 Bormam,
810 1442 921 1495 Recueil
940 1443 990 1494 dea
1008 1442 1202 1494 ordonnnnces
1221 1441 1257 1492 de
1274 1440 1304 1493 la
1322 1443 1501 1508 principante
1519 1438 1547 1488 dc

618 1523 708 1588 Libye,
722 1525 768 1572 1³¹·
780 1525 855 1575 serie
868 1523 942 1590 [decl
956 1523 990 1590 1],
1004 1523 1056 1574 blz.
1071 1525 1131 1574 577.

833 1760 884 1823 71
915 1752 1051 1839 (299li).

375 1963 478 2029 1459,
502 1957 626 2020 Maart
650 1959 1106 2040 1-12‚R1jscI.i'ittmksors
1132 1960 1180 2019 uit
1205 1958 1243 2018 de
1264 1957 1546 2035 stadsrekeningen

320 2072 398 2118 over
414 2057 574 2117 onkosten
592 2057 716 2133 geduan
735 2075 865 2134 wegeus
883 2058 938 2117 het
956 2057 1073 2134 geding
1089 2073 1150 2116 ran
1171 2055 1232 2116 deu
1254 2055 1365 2116 ketter
1383 2055 1543 2118 Gonmlre.

320 2187 369 2197 —
400 2157 443 2214 De
473 2154 731 2231 stadsregeering
760 2155 843 2217 zoud
869 2155 973 2216 boden
1004 2171 1085 2214 naar
1115 2151 1260 2215 Doornik
1285 2151 1328 2230 bij
1362 2151 1425 2214 den
1456 2152 1543 2230 magi-

320 2252 424 2311 straat
440 2269 480 2311 eu
506 2251 571 2312 ook
590 2268 672 2312 naar
690 2255 818 2330 Brugge
838 2253 877 2329 bij
902 2254 962 2313 deu
981 2253 1109 2328 hertog,
1132 2251 1230 2327 opdat
1247 2249 1298 2311 dle
1315 2248 1427 2312 ketter
1443 2250 1543 2312 niette

321 2348 478 2420 homulli,
504 2364 597 2408 mear
613 2352 646 2410 te
665 2350 764 2426 R'u‘sel
790 2365 852 2412 zou
873 2349 1122 2427 tereebtgesteld
1147 2347 1294 2422 worden,
1317 2350 1388 2410 wat
1404 2348 1467 2410 dan
1490 2345 1541 2410 ool

324 2444 495 2522 mmmm.

353 2613 378 2664 Δ
389 2614 473 2665 Josse
491 2613 641 2672 Wandele‚
667 2616 744 2666 clerc
762 2617 797 2667 de
815 2616 904 2667 ladite
921 2616 997 2671 ville.
1022 2615 1126 2679 auquel
1143 2615 1163 2665 il
1182 2615 1258 2665 aroit
1274 2615 1336 2666 este
1353 2615 1484 2665 omonne
1497 2623 1538 2676 par

321 2696 470 2746 escherins
493 2709 524 2747 se
548 2698 727 2760 transporter
750 2699 852 2747 devers
875 2701 972 2748 nostre
996 2700 1055 2748 tres
1082 2696 1222 2748 redoubte
1245 2696 1385 2760 seigneur
1409 2697 1440 2747 et
1459 2694 1542 2759 prime

320 2778 523 2842 monseigncur
532 2777 560 2828 le
572 2777 627 2827 duc
639 2778 674 2829 de
695 2778 870 2843 Bourgogne
879 2781 907 2828 et
916 2779 957 2829 lui
967 2781 1125 2843 presenter.
1138 2775 1193 2843 [de]
1204 2790 1256 2840 par
1264 2776 1353 2827 ledite
1364 2774 1445 2833 virle,
1457 2777 1542 2829 lettres

227 2914 238 2938 ·
319 2857 458 2909 touchant
469 2871 528 2922 ung
538 2857 652 2909 homme
668 2859 834 2922 hereticque
847 2861 1020 2924 d'estraigne
1032 2864 1121 2921 terre,
1133 2858 1226 2921 lequel
1240 2858 1448 2922 monseignenr
1458 2856 1542 2907 leves

320 2953 376 3002 qne
393 2940 429 2988 de
447 2938 581 3003 'l'ournay
599 2940 708 2990 vouloit
724 2941 872 2998 delaisser,
886 2955 959 3005 pour
977 2955 1012 2992 en
1031 2943 1103 2991 taire
1124 2940 1339 2994 l'execucion.d
1358 2938 1390 2989 la
1405 2939 1506 3002 justice
1520 2936 1547 2985 de

320 3019 465 3083 Tournay,
477 3033 534 3069 non
550 3020 663 3071 obstant
681 3022 748 3084 qu’ll
768 3025 831 3072 eust
849 3024 910 3074 esto
927 3024 1007 3086 prins
1025 3035 1079 3086 par
1096 3021 1124 3072 la
1141 3021 1246 3085 justice
1258 3021 1293 3070 de
1306 3021 1548 3085 monseigneuren

320 3102 397 3150 ceste
407 3100 482 3150 dicte
496 3099 572 3156 ville,
584 3104 613 3151 et
625 3101 719 3164 lequel
731 3103 815 3153 losse
831 3107 946 3166 passant
959 3103 1030 3153 ledit
1038 3101 1097 3153 lieu
1107 3103 1142 3152 de
1152 3101 1297 3164 Tonrnay,
1308 3100 1423 3151 adverti
1432 3098 1551 3164 qneledit

320 3180 524 3245 monseigneur
534 3181 709 3246 l’evesque.ir
720 3184 748 3234 le
759 3186 906 3247 poursuite
917 3185 1024 3235 desdits
1037 3183 1196 3239 escherins,
1206 3183 1340 3245 leroyent
1349 3179 1553 3234 ramenerledit

325 3263 472 3324 oretisque
484 3276 519 3312 en
539 3265 616 3314 ceste
630 3265 704 3315 dicte
717 3264 794 3324 ville,
809 3268 825 3315 d
837 3265 960 3329 laquelle
971 3279 1056 3317 cause
1069 3265 1089 3315 il
1107 3268 1246 3314 retourne
1262 3264 1292 3313 et
1311 3275 1348 3313 ne
1364 3264 1470 3326 partlst
1484 3261 1555 3327 point

324 3343 420 3394 sondit
431 3357 551 3408 voyage,
566 3347 637 3395 mais
655 3360 763 3408 vacqua
784 3347 954 3398 seullement
965 3346 1040 3398 deux
1054 3348 1145 3411 jours‚
1160 3345 1226 3395 ilnis
1242 3344 1270 3396 le
1288 3351 1320 3395 x‘
1332 3343 1403 3407 jour
1423 3344 1460 3396 de
1479 3357 1556 3402 mars,

326 3426 384 3489 qui,
399 3426 416 3475 ia
432 3439 516 3474 xxrrrr
527 3439 551 3476 s.
563 3439 637 3490 pour
648 3428 724 3491 jour,
737 3434 834 3481 monte
846 3445 888 3479 nrr
901 3445 923 3479 s.

357 3557 383 3607 A
393 3557 506 3609 Hubert
514 3558 693 3624 Carpentier,
703 3572 862 3624 procureur
874 3560 909 3611 de
922 3559 950 3609 la
961 3559 1028 3611 ville
1042 3560 1077 3610 de
1094 3557 1176 3613 lille.
1190 3570 1263 3621 pour
1278 3564 1332 3620 par
1342 3555 1371 3608 le
1382 3555 1560 3608 commande-

325 3640 406 3690 ment
416 3639 592 3691 d'eseberins
606 3642 685 3690 avoir
697 3641 790 3692 alcen
811 3641 840 3692 la
859 3640 927 3692 ville
948 3642 983 3692 de
1004 3641 1137 3704 Tonrnay
1155 3639 1299 3703 insignier
1319 3651 1378 3689 aux
1403 3640 1523 3703 prerost
1537 3637 1563 3688 et

323 3720 471 3771 escherins
480 3719 564 3784 illecq
576 3721 784 3785 t’apperraeion.
795 3723 878 3773 talete
888 3736 940 3786 par
951 3722 1023 3773 ledit
1033 3733 1193 3786 procureur
1205 3722 1235 3770 et
1247 3732 1300 3784 par
1311 3718 1341 3770 le
1357 3732 1525 3784 procureur
1534 3718 1563 3768 de

328 3804 425 3853 nostre
438 3804 497 3853 tres
509 3803 649 3853 redoubte
662 3803 799 3868 seigneur
815 3805 1018 3868 monseigneur
1035 3802 1062 3853 le
1080 3804 1134 3852 duc
1154 3802 1189 3851 de
1207 3800 1397 3865 Bourgogne,
1412 3801 1481 3853 d'nn
1490 3801 1562 3852 relus

324 3883 378 3933 tait
397 3897 449 3947 par
465 3885 600 3934 reverent
617 3886 687 3948 pere
705 3898 740 3935 en
759 3885 832 3936 Dieu
859 3886 1063 3949 monseigneur
1080 3882 1226 3946 l'eresque
1250 3882 1286 3932 de
1305 3880 1450 3948 Tournay
1466 3881 1565 3934 d'aroir

323 3963 415 4014 rendu
430 3962 487 4015 ala
497 3965 601 4028 iustice
615 3966 650 4015 de
663 3964 751 4016 ladlte
763 3965 830 4016 ville
844 3980 903 4031 ung
915 3968 1028 4017 nomme
1039 3963 1211 4020 Gondsalve‚
1222 3963 1389 4027 prisonnier
1400 3977 1480 4028 pour
1489 3963 1564 4016 nee

323 4044 376 4101 sie,
395 4046 425 4095 et
443 4046 520 4095 aussi
536 4059 612 4110 pour
638 4047 718 4097 avoir
736 4046 849 4111 appelle
866 4047 901 4098 de
919 4045 1110 4109 l'lnquisiteur
1128 4046 1163 4096 de
1184 4045 1212 4095 la
1230 4046 1278 4108 toy
1298 4048 1328 4095 et
1345 4044 1399 4096 des
1418 4044 1524 4098 official
1540 4044 1566 4096 et

325 4125 471 4187 ricquaire
489 4126 524 4177 de
542 4126 692 4192 Tonrnay;
712 4127 816 4190 ouquel
835 4128 956 4193 royaige
976 4127 1047 4178 ledit
1063 4138 1223 4192 procureur
1240 4138 1349 4188 vacqna
1365 4141 1386 4176 u
1402 4127 1499 4192 jours.
1510 4125 1565 4177 tuis

325 4206 353 4256 le
368 4212 401 4255 nt
411 4206 480 4270 jour
493 4206 528 4258 de
539 4207 639 4258 maneb
650 4208 766 4260 darrain
777 4211 870 4274 passe,
884 4209 995 4260 dxxrrn
1009 4222 1033 4259 s.
1043 4221 1117 4273 pour
1127 4208 1203 4271 icor,
1217 4207 1283 4257 sont
1293 4219 1338 4257 avr
1351 4221 1377 4259 s.

359 4333 385 4384 Δ
394 4333 446 4396 lui,
456 4335 523 4399 qu'il
533 4349 551 4386 a
559 4339 634 4401 paye
644 4339 661 4388 a
671 4338 788 4389 maistre
798 4337 892 4388 Jehan
905 4339 940 4389 de
952 4336 1122 4398 Hernicum,
1135 4336 1264 4396 advocat,
1273 4347 1350 4400 pour
1360 4337 1566 4404 perpinianum

324 4413 384 4465 lois
392 4417 472 4478 aruir
479 4418 533 4468 tait
541 4419 684 4469 certaines
693 4421 923 4471 remonstrances
932 4419 1045 4471 auxdits
1054 4417 1237 4482 inquisiteur.
1243 4415 1350 4468 official
1360 4420 1393 4471 el
1400 4420 1567 4487 munim

329 4495 468 4548 touchant
477 4497 549 4550 ledit
560 4512 680 4564 marey,
689 4514 763 4550 mn
775 4515 799 4551 s.
