3210 5386
602 567 707 621 anno
727 568 791 620 1460
1259 569 1306 644 ros

60 720 203 778 inclinati
215 729 245 779 et
256 729 315 781 dati
327 731 417 790 viciis,
431 734 476 782 est
494 733 588 782 tamen
607 729 664 782 alia
681 731 758 782 raeio
771 731 931 782 reformans
943 732 1067 795 pactum,
1079 732 1213 794 quoniam
1227 734 1306 783 tanto

61 802 134 867 plus
151 809 303 875 impugnat
321 812 431 868 demon.
447 814 478 863 ut
495 814 645 864 vincantur
662 816 692 864 et
705 813 910 877 pertrahantur
926 813 962 864 ad
979 815 1086 864 sectam
1104 815 1133 865 et
1144 816 1306 879 congaudet

64 895 118 937 eos
139 891 274 957 recipere
294 893 324 943 in
345 895 477 952 sectant
496 896 575 958 patet
595 908 630 945 ex
648 907 784 958 processu
805 894 937 960 magistri
955 893 1100 945 Guiltelmi
1121 894 1252 953 adeline,
1275 898 1305 946 et

67 975 246 1032 aspernatur
257 975 342 1039 atque
355 976 531 1040 contempnit
541 977 670 1040 recipere
683 976 755 1026 viles
766 990 903 1040 personas
916 976 951 1027 ad
963 978 1221 1042 congregacionem
1233 979 1307 1042 ipse,

70 1051 121 1110 (lui
133 1057 180 1106 est
188 1057 324 1120 superbie
333 1060 424 1122 pater.
438 1058 496 1109 Per
507 1061 630 1121 quatuor
640 1061 716 1109 enim
729 1073 839 1120 sensus,
849 1072 902 1122 per
914 1072 1000 1108 unum
1011 1060 1177 1110 interiorem
1187 1060 1308 1122 (seilicet

72 1142 126 1194 per
143 1137 201 1187 rim
218 1138 400 1203 cogitativam
418 1153 468 1191 seu
486 1141 686 1201 estimativam)
698 1143 728 1192 et
744 1155 796 1205 per
815 1144 872 1191 tres
890 1143 1049 1193 exteriores
1067 1140 1187 1202 (scilicet
1203 1144 1303 1199 visum,

77 1215 203 1270 tuditnm
225 1223 254 1271 et
277 1223 392 1279 tactum,
406 1223 558 1286 presertim
582 1224 610 1272 in
634 1221 766 1286 amplexu
785 1225 813 1273 et
835 1222 957 1287 copula),
977 1224 1119 1275 interdum
1141 1225 1230 1275 eciam
1251 1238 1304 1289 per

10 1312 15 1387 q
81 1291 195 1350 ollarum
207 1314 257 1352 seu
270 1303 418 1353 odoratum
431 1306 460 1354 et
472 1317 524 1368 per
540 1303 717 1355 intellectum
730 1306 814 1366 atquc
827 1318 861 1355 ex
875 1305 972 1356 multis
984 1306 1108 1363 iudiciis,
1122 1320 1176 1369 que
1189 1305 1306 1371 longum

86 1375 161 1432 ulmis
180 1385 255 1435 esset
276 1384 428 1443 adducere,
448 1388 624 1450 cognoscunt
647 1384 803 1438 valdenses
828 1385 965 1451 dyabolos
988 1387 1122 1439 distincte
1146 1401 1163 1439 a
1185 1388 1255 1438 viris
1278 1390 1308 1439 et

88 1455 211 1521 tructas
222 1478 239 1516 a
250 1465 428 1526 mulieribus,
442 1469 471 1518 et
489 1481 541 1531 per
558 1480 736 1531 consequens
755 1468 949 1520 differenciam
961 1470 1038 1520 inter
1050 1482 1145 1521 reram
1158 1469 1306 1522 mulierem

89 1539 113 1588 ιι
125 1549 346 1610 representatam
363 1562 416 1613 per
433 1548 593 1614 dyabolam,
606 1549 631 1599 si
649 1550 689 1600 ibi
708 1548 772 1600 talis
785 1553 869 1602 esset.
884 1551 920 1602 Et
932 1551 1008 1601 idem
1020 1553 1064 1601 est
1075 1552 1258 1602 senciendum
1271 1553 1305 1603 dc

91 1619 140 1674 vito
151 1630 179 1680 et
191 1628 228 1679 de
245 1629 369 1694 dyabolo
391 1644 444 1696 per
463 1632 519 1681 vim
540 1631 724 1696 cogitativam
745 1645 795 1683 seu
816 1632 1017 1690 estimativam,
1032 1633 1166 1696 quoniam
1187 1647 1221 1685 cx
1242 1635 1304 1685 visu

90 1700 212 1768 lenonis,
223 1711 252 1761 in
263 1724 442 1776 quocumque
452 1726 522 1764 sexu
532 1714 869 1777 appareat,exterrentur
877 1713 1042 1775 Valdenses,
1050 1716 1306 1778 quantumcumque

10 1844 17 1865 h
86 1792 180 1842 aasueti
196 1792 255 1842 sint
271 1793 369 1845 videre
388 1794 547 1847 demonem.
566 1809 631 1845 cum
649 1796 839 1846 communiter
856 1796 961 1847 babeat
979 1795 1137 1848 terribilem
1155 1797 1257 1848 taciem
1276 1799 1307 1848 et

10 1868 15 1929 ς’
82 1868 167 1923 eciam
178 1873 293 1925 modum
305 1889 356 1926 seu
369 1879 482 1941 gestum
494 1876 672 1941 corporalem
685 1878 915 1940 incompositum,
929 1880 958 1928 ct
975 1891 1028 1943 per
1040 1878 1118 1928 illam
1130 1879 1186 1929 vim
1198 1880 1306 1945 cogita-

79 1944 163 2004 tivam
182 1954 301 2008 eliciunt
318 1958 442 2022 speciem
460 1959 625 2021 inimicicie,
643 1960 881 2023 quemadmodum
899 1961 960 2010 ovis
978 1961 1008 2011 in
1026 1963 1179 2025 conspectu
1196 1960 1257 2025 lupi
1277 1964 1306 2012 et

74 2031 182 2088 exinde
198 2038 283 2104 rugit.
303 2039 361 2091 Per
377 2041 478 2098 visum,
491 2041 626 2103 quoniam
640 2042 741 2092 demon
756 2056 812 2092 non
831 2042 871 2092 ita
888 2043 994 2093 format
1010 2056 1113 2107 corpus
1131 2046 1306 2106 assumptum

69 2119 98 2162 ιι
112 2122 190 2170 aere
201 2122 376 2173 condensato
393 2121 438 2173 vel
456 2121 536 2181 alias,
550 2124 618 2186 quin
638 2123 782 2187 relinquat
800 2123 889 2174 multa
906 2125 936 2174 in
954 2123 1004 2175 tali
1022 2138 1142 2189 corpore
1160 2125 1251 2190 signa,
1270 2139 1304 2177 ex

66 2194 179 2254 itibus
198 2204 381 2269 cognoscitur
401 2205 514 2263 demon,
532 2205 576 2257 vel
599 2205 752 2257 excolere
776 2206 858 2271 nigro
879 2219 992 2270 semper
1015 2207 1044 2256 in
1066 2207 1161 2270 specie
1182 2207 1305 2258 humana

62 2283 246 2339 ⁸¹¹l>erducto
263 2285 442 2350 imperiecte,
456 2288 485 2338 in
503 2301 623 2352 corpore
642 2303 698 2338 non
716 2289 790 2339 bene
802 2287 955 2339 terminato
968 2286 1060 2338 solido
1073 2290 1102 2338 et
1114 2288 1196 2338 tirmo
1209 2292 1257 2339 aut
1269 2303 1304 2340 ex

61 2365 233 2420 quantitate
255 2369 401 2420 excessira
420 2370 524 2434 sepius.
551 2369 593 2420 Ex
617 2368 877 2421 eommunicacione
897 2370 987 2421 eciam
1011 2383 1062 2420 seu
1085 2371 1305 2421 conversacione

61 2440 87 2489 et
101 2449 205 2499 modo
222 2450 370 2509 extraneo,
384 2463 419 2502 ex
438 2465 495 2502 non
512 2452 622 2503 edendo
640 2451 735 2515 sepius
748 2450 792 2502 rel
806 2451 958 2515 aliqnando
971 2465 1007 2502 ex
1021 2451 1134 2504 fictione
1147 2453 1176 2503 et
1188 2452 1304 2504 simula·

59 2520 158 2578 cione
169 2531 281 2588 edendi,
295 2532 422 2594 quamvis
441 2547 498 2583 non
515 2547 582 2584 vere
601 2547 693 2596 neque
711 2534 827 2597 proprie
846 2534 985 2592 comedat,
998 2534 1073 2584 sicut
1085 2547 1177 2596 neque
1188 2534 1304 2598 proprie

61 2613 191 2664 exercet
201 2627 290 2678 opera
301 2615 358 2665 vite
370 2613 510 2674 animalis,
524 2615 761 2678 quemadmodum
774 2617 910 2667 exercent
921 2615 977 2665 rivi
989 2616 1019 2665 et
1030 2615 1089 2666 veri
1102 2615 1243 2676 homines,
1256 2617 1305 2679 qui

62 2684 175 2745 inillis
186 2696 461 2761 congregationibus
473 2697 569 2747 omnia
580 2710 668 2761 opera
679 2698 736 2748 rite
748 2699 884 2747 exercent
901 2700 930 2746 et
941 2695 1160 2747 confabulantur
1172 2696 1304 2756 invicem,

65 2768 91 2818 et
105 2767 239 2841 insuper
258 2791 293 2828 ex
312 2779 435 2843 superbo
453 2780 536 2844 gestu
550 2781 579 2830 et
591 2779 733 2843 paucitate
745 2777 890 2840 loquendi,
904 2782 934 2830 et
945 2779 1067 2829 maxime
1080 2780 1109 2828 et
1120 2779 1304 2830 certitudine-

18 2858 23 2866 ·
66 2847 137 2901 liter
154 2861 337 2924 cognoscitur
354 2874 407 2924 per
425 2861 515 2911 visum
528 2874 544 2910 a
555 2860 803 2924 frequentantibus
821 2861 1074 2926 congregaciones,
1087 2861 1153 2923 quia
1165 2863 1197 2912 ut
1208 2862 1304 2925 sepius

67 2930 180 2990 demon
191 2940 277 2993 habet
288 2955 403 3007 grossos
416 2941 512 2993 oculos
525 2944 554 2993 et
565 2956 679 3006 semper
690 2942 776 2992 habet
788 2940 887 2992 oculos
904 2942 933 2992 in
951 2942 1228 3007 congregacionibus
1246 2943 1304 2993 illis

69 3013 230 3084 mirabiles,
244 3024 398 3083 terribiles,
415 3038 541 3089 asperos,
561 3025 676 3090 ignitos.
691 3023 889 3082 inflammatos,
904 3022 1022 3082 lucidos,
1036 3023 1234 3085 scintillantes,
1247 3028 1303 3076 etc.

71 3092 125 3144 Pel·
148 3104 277 3156 auditum
292 3119 369 3164 vero,
382 3107 411 3158 in
423 3120 492 3159 voce
510 3121 565 3157 non
583 3107 670 3164 clara,
685 3120 741 3157 non
753 3106 881 3170 periecte
894 3106 1036 3164 distincta,
1051 3107 1101 3158 sed
1112 3120 1208 3167 rauca,
1222 3108 1304 3170 quasi

74 3174 242 3238 loluerotur
253 3187 283 3238 in
296 3191 363 3252 poto
376 3188 420 3239 vel
438 3189 521 3254 ydria
534 3190 583 3240 aut
599 3189 713 3239 bucina.
727 3188 784 3239 Per
797 3190 912 3246 tactum,
926 3201 961 3239 ex
974 3189 1165 3252 disposicione
1176 3189 1306 3253 corporis

76 3257 121 3315 ³111·
136 3269 214 3329 quod
223 3271 401 3321 communius
411 3274 454 3321 est
463 3270 549 3321 molle
562 3273 591 3321 et
602 3271 740 3336 trigidum
751 3271 799 3320 aut
808 3269 893 3321 aliter
905 3270 1074 3334 dispositum
1087 3285 1170 3333 quarn
1183 3270 1307 3321 humane

79 3352 197 3406 001’1)οιιι
212 3364 281 3403 vera
297 3354 327 3404 et
343 3352 479 3412 vivencia,
493 3355 523 3404 ct
538 3353 662 3403 maxime
679 3365 733 3416 per
751 3352 857 3403 tactum
875 3353 903 3401 in
921 3351 1024 3416 copula
1036 3352 1153 3412 carnali,
1167 3356 1198 3403 ut
1211 3353 1305 3403 omnia

80 3421 127 3472 ‘1⁸2²
139 3434 272 3484 constant
283 3447 318 3484 ex
330 3433 522 3498 processibus,
535 3447 589 3497 que
607 3434 703 3484 omnia
720 3433 888 3498 intelligunt
904 3433 980 3484 docti
999 3433 1107 3484 iudices
1124 3433 1192 3484 boni
1210 3433 1262 3485 zeli
1275 3436 1304 3484 et

85 3504 261 3570 singulariter
271 3514 345 3566 bene
358 3516 460 3579 pratici
472 3516 501 3565 in
513 3517 569 3566 ista
578 3516 707 3566 materia.
724 3514 828 3565 Mulier
839 3515 915 3566 enim
928 3528 992 3566 cum
1001 3515 1122 3566 demone
1134 3515 1241 3567 nullam
1255 3516 1304 3566 aut

87 3587 215 3647 mo<licam
226 3596 313 3649 habet
324 3596 546 3649 delectacionem
557 3598 587 3648 in
600 3595 733 3661 amplexu
745 3595 863 3657 carnali,
874 3597 923 3647 sed
936 3610 972 3647 ex
984 3597 1086 3648 timore
1097 3597 1126 3647 et
1138 3598 1304 3648 obediencia

10 3712 16 3745 ,-
91 3681 115 3718 ιι
131 3680 262 3742 supponit
279 3679 402 3742 demoni,
421 3680 470 3742 qui
487 3679 625 3742 relinquit
643 3679 791 3729 materiam
808 3678 931 3729 maxime
949 3679 1084 3744 trigidam
1101 3681 1131 3730 et
1147 3679 1303 3738 humidam,

94 3761 248 3823 euuptnn,
260 3775 400 3820 croceam,
414 3763 480 3825 etc.;
497 3774 562 3812 cum
578 3761 639 3812 viro
657 3773 724 3812 vero
742 3759 772 3810 in
790 3760 1064 3825 congregacionibus
1083 3759 1305 3812 delectacionem

10 3864 14 3905 q
97 3838 207 3896 equalem
225 3842 322 3904 habet,
341 3845 420 3894 utin
440 3844 556 3901 mundo,
575 3845 623 3895 aut
644 3843 790 3902 maiorem,
812 3843 845 3893 ut
864 3842 961 3893 lerunt
980 3856 1015 3893 ex
1032 3843 1112 3906 prius
1133 3843 1225 3893 dictis¹
1247 3843 1306 3893 Per

10 3912 13 3995 ἐ
97 3913 196 3976 olintum
207 3939 257 3978 seu
269 3925 419 3977 odoratum
436 3924 598 3989 aliquando,
612 3925 745 3989 quoniam
757 3937 861 3989 corpus
873 3926 1048 3989 assumptum
1065 3938 1082 3976 a
1093 3925 1224 3982 demone,
1236 3922 1305 3976 lieet

10 4024 14 4037 ·
98 3998 221 4061 misine
239 4010 333 4074 potest
350 4021 413 4060 esse
429 4009 550 4060 'cadaver
571 4009 721 4067 mortuum,
740 4007 837 4072 sepius
856 4020 924 4058 vero
945 4008 990 4059 est
1009 4008 1162 4058 lormatum
1185 4012 1304 4057 exuere

99 4081 195 4140 leonto
205 4091 305 4150 fetido,
318 4089 363 4143 vel
376 4091 477 4142 demon
495 4091 525 4141 in
542 4103 664 4154 corpore
681 4090 722 4140 sic
738 4090 861 4141 lormato
879 4088 997 4153 apponit
1014 4088 1137 4153 aliquam
1155 4088 1305 4140 materiam

96 4163 193 4223 fetidam
209 4171 345 4225 celeriter
361 4175 391 4224 et
407 4171 682 4239 imperceptibiliter.
696 4172 754 4224 Per
770 4170 949 4224 intellectum
966 4174 1070 4230 autem,
1088 4171 1222 4235 quoniam
1240 4169 1306 4222 Val-

96 4249 179 4304 leues
194 4268 230 4307 ex
252 4256 472 4306 conversacione
496 4269 560 4306 cum
586 4254 755 4306 demonibus
778 4253 892 4305 taudem
913 4252 1115 4316 relinquuntur
1132 4252 1253 4304 desolati
1277 4252 1307 4305 et

94 4332 174 4387 butes
189 4337 218 4387 in
235 4350 361 4396 recessu,
379 4351 462 4400 quam
480 4336 691 4389 desolacionem
709 4337 739 4388 et
757 4335 907 4386 tristiciam
924 4333 1088 4387 intellectus
1105 4334 1305 4399 apprehendit.

90 4419 228 4474 Actusacio
246 4433 317 4485 erge
334 4420 493 4484 pervisum
510 4420 589 4470 certa
605 4420 658 4476 est,
672 4420 702 4469 et
712 4431 764 4482 per
778 4417 905 4468 auditum
923 4431 988 4467 curn
1005 4417 1068 4468 visu
1079 4417 1199 4474 cercior,
1212 4418 1242 4468 et
1253 4430 1307 4482 per

88 4502 192 4560 tactum,
201 4502 325 4553 maxime
334 4502 364 4552 in
376 4500 509 4566 amplexu
519 4499 707 4558 carnaticum
719 4499 780 4550 risu
790 4501 820 4551 et
828 4499 937 4558 auditu,
947 4499 1108 4551 certissima
1118 4499 1148 4550 et
1158 4497 1308 4550 vehemen-

86 4584 188 4640 tissima
195 4586 225 4636 et
232 4584 395 4651 gravissimi
403 4584 548 4649 ponderis.
560 4580 698 4633 Similiter
707 4594 725 4632 a
733 4579 872 4646 discipulo
885 4581 914 4632 in
927 4582 1028 4633 ordine
1041 4581 1076 4633 ad
1088 4579 1307 4632 instructionem
