3164 5386
333 573 365 622 sa
796 570 898 623 anno
919 570 992 635 rua,
1013 571 1075 621 1426

332 737 482 801 sequentes
493 736 678 800 reliquerunt,
693 736 750 799 qui,
764 737 795 786 ut
807 735 984 800 experientia
996 735 1155 792 didicimus,
1168 736 1226 785 suis
1244 734 1352 800 lupinis
1371 737 1514 788 morsibus
1528 738 1555 787 et

330 820 438 870 caninis
455 818 612 876 latratibus,
631 832 730 883 perse
749 820 778 870 et
796 821 889 869 certos
907 818 1032 881 ipsorum
1051 818 1164 869 nuntios
1182 832 1233 881 per
1251 819 1388 869 mundum
1409 825 1553 885 vagantes,

330 916 381 953 suo
394 901 506 954 letitero
523 905 592 966 potu
609 902 656 952 vix
674 899 891 952 numerabilium
904 913 1043 961 errorum,
1057 901 1102 950 via
1114 902 1233 964 quadam
1246 900 1487 953 anthicbristiana
1499 902 1547 954 Dei

329 984 477 1036 eeclesiam
489 984 619 1035 nituntur
631 984 665 1034 ad
678 983 877 1034 exterminium
896 983 999 1035 ducere
1018 985 1047 1034 et
1064 996 1146 1033 veros
1159 982 1264 1034 Christi
1277 983 1376 1035 tldeles
1391 997 1409 1035 a
1423 985 1470 1036 via
1486 986 1553 1036 veri·

330 1067 395 1118 tatis
408 1067 551 1118 declinare
563 1069 592 1118 et
612 1064 751 1117 diabolico
769 1066 904 1116 instinctu
917 1066 946 1115 in
964 1067 1059 1116 lauces
1077 1065 1217 1130 rugientis
1229 1066 1408 1130 producere:
1431 1066 1553 1118 volentes

330 1149 425 1213 itaque
436 1163 523 1214 super
534 1162 622 1214 grege
636 1149 776 1199 dominico
792 1148 871 1198 nobis
884 1148 1033 1198 commisso
1046 1147 1180 1212 pervigili
1196 1162 1273 1208 cura,
1287 1151 1318 1198 ut
1331 1152 1475 1207 tenemur,
1487 1150 1553 1215 vigi·

329 1229 400 1290 lare,
422 1231 593 1282 authoritate
619 1231 702 1296 liujus
730 1231 803 1281 sacri
830 1229 943 1280 concilii
962 1229 1143 1294 provincialis
1175 1231 1325 1281 statuimus
1348 1233 1377 1282 et
1400 1232 1432 1283 in
1455 1232 1554 1282 virtute

331 1316 444 1365 sanctae
462 1314 639 1365 obedientiae
657 1328 689 1364 ac
706 1313 756 1363 sub
774 1326 866 1376 poena
883 1313 1181 1363 excommunicationis
1197 1312 1271 1364 latae
1288 1315 1461 1373 sententiae,
1475 1326 1554 1378 quam

330 1410 382 1463 pro
403 1410 477 1447 nunc
496 1399 580 1460 prout
597 1410 631 1447 ex
649 1399 723 1452 tuuc,
738 1395 859 1446 tirmiter
878 1395 908 1445 in
925 1394 970 1444 iiis
990 1395 1113 1459 scriptis,
1126 1393 1211 1446 salvis
1233 1394 1297 1446 aliis
1317 1397 1420 1460 poenis
1444 1397 1473 1447 in
1495 1396 1555 1459 iure

331 1478 479 1542 expressis,
498 1478 671 1539 mandamus,
693 1491 728 1527 nc
746 1477 848 1540 aliquis
866 1475 986 1527 clericus
1006 1475 1050 1527 vel
1068 1476 1156 1527 laicus
1174 1477 1297 1528 scienter
1316 1490 1483 1541 perversam
1503 1478 1555 1528 dic·

331 1563 424 1611 torum
433 1559 554 1616 Wicletl,
567 1559 643 1610 Husz
655 1562 684 1610 et
693 1558 882 1623 Hieronymi,
893 1560 942 1609 aut
954 1572 1052 1610 eorum
1064 1560 1252 1621 sequentium,
1264 1559 1312 1622 qui
1324 1558 1413 1625 vulgo
1429 1560 1556 1612 aunam

332 1644 477 1701 vocantur,
495 1641 537 1693 vel
560 1654 801 1706 quorumcumque
824 1641 910 1692 etiam
933 1640 1054 1691 aliorum
1076 1640 1110 1691 ab
1131 1639 1251 1692 ccclesia
1273 1641 1474 1693 damnatorum
1494 1641 1555 1691 doc·

332 1725 435 1775 trinam
458 1726 592 1788 acceptet,
611 1737 701 1785 neque
728 1723 808 1786 tales,
831 1725 879 1773 aut
899 1736 997 1773 corum
1018 1724 1194 1780 defensores,
1214 1724 1262 1774 sut
1281 1725 1488 1789 receptatores,
1510 1724 1555 1774 aut

333 1807 451 1858 nuncios
468 1807 591 1858 scienter
603 1807 637 1856 ad
649 1819 700 1856 sua
712 1804 834 1869 hospitia
844 1805 992 1868 recipiant,
1007 1805 1151 1858 auxilium.
1165 1807 1291 1856 lavorem
1303 1805 1348 1857 vel
1361 1805 1554 1858 defensionem

334 1889 530 1941 administrent
556 1887 767 1951 quomodolibet
787 1886 829 1938 vel
852 1887 993 1938 assistant.
1014 1887 1208 1951 praecipimus
1231 1888 1348 1953 insuper
1374 1889 1508 1941 omnibus
1529 1888 1555 1938 et

333 1971 453 2037 siugulis
465 1972 595 2029 dominis,
610 1970 793 2035 temporalem
805 1970 1031 2033 jurisdictionem
1044 1970 1222 2030 habentibus,
1237 1974 1267 2022 ut
1279 1985 1363 2035 quam
1375 1974 1475 2024 statim
1487 1973 1553 2024 tales

333 2055 362 2105 in
374 2054 433 2105 suis
450 2054 603 2105 territoriis
621 2054 719 2104 adesse
737 2053 878 2115 noverint,
891 2053 967 2116 ipsos
980 2053 1122 2116 captivent
1139 2057 1168 2104 et
1184 2052 1319 2117 praelatis
1332 2055 1391 2105 suis
1404 2056 1553 2120 superiori·

333 2137 395 2195 bus,
414 2137 449 2187 ad
467 2150 536 2200 quos
554 2137 663 2201 spectat
681 2135 779 2187 talium
799 2148 928 2193 examen,
947 2135 982 2185 ad
1000 2135 1217 2186 examinandum
1234 2136 1349 2188 eosdem
1373 2139 1554 2202 praesentent

333 2221 363 2271 et
374 2218 493 2284 quilibet
504 2232 601 2270 eorum
614 2220 785 2282 praesentet,
796 2218 847 2268 sub
857 2217 1009 2281 praedictis
1019 2218 1132 2281 poenis;
1146 2219 1329 2270 interioribus
1339 2233 1421 2281 vero,
1431 2221 1556 2284 iurisdio

333 2301 440 2354 tionem
461 2315 515 2352 non
535 2300 711 2366 regentibus,
732 2300 783 2350 sub
807 2300 958 2364 praedictis
979 2301 1078 2364 poenis
1101 2301 1285 2366 injungimus,
1298 2304 1329 2351 ut
1352 2303 1500 2365 praelatos
1520 2302 1555 2352 sic

334 2396 448 2435 errores
459 2383 630 2434 seminantes
642 2383 702 2432 sinc
716 2381 851 2433 dilatione
868 2380 1003 2445 praelatis
1020 2383 1215 2447 superioribus
1227 2383 1407 2443 denuntient,
1422 2385 1553 2436 sicerum

333 2479 476 2518 aceessum
488 2466 633 2516 commode
646 2465 750 2515 habere
762 2465 903 2528 poterint,
916 2464 1073 2528 sinautem,
1085 2465 1228 2529 judicibus
1247 2465 1455 2529 temporalibus
1472 2466 1553 2518 maui-

332 2549 438 2600 testare
454 2551 617 2612 procurent,
640 2547 687 2610 qui
705 2547 756 2597 sub
775 2547 873 2610 poenis
891 2546 1044 2610 praedictis
1064 2546 1135 2598 tales
1157 2547 1336 2599 denuntiatos
1357 2549 1504 2614 captivent
1519 2551 1553 2610 et,

333 2632 366 2682 ut
387 2631 557 2696 praefertur,
580 2629 708 2694 praelato
731 2629 872 2693 superiori
900 2629 935 2679 ad
962 2629 1180 2680 examinandum
1207 2631 1321 2681 eosdem
1348 2630 1458 2694 absque
1483 2643 1556 2682 mors

334 2713 466 2765 studeant
476 2713 658 2778 perscrutari.
675 2712 829 2763 Hortamur
845 2712 962 2774 insuper
975 2714 1004 2762 et
1021 2712 1152 2762 omnibus
1169 2726 1235 2763 vere
1253 2711 1385 2764 fidelibus
1403 2718 1435 2765 et
1452 2713 1555 2766 devotis

335 2796 481 2858 utriusque
494 2808 587 2854 sexus,
598 2799 626 2846 et
638 2795 807 2858 pracsertim
819 2792 971 2858 religiosis,
986 2793 1170 2858 iniungimus,
1182 2797 1214 2844 ut
1227 2808 1297 2859 puro
1310 2795 1398 2847 corde
1410 2797 1443 2846 et
1462 2793 1556 2847 humili

335 2878 437 2941 spiritu
450 2877 540 2928 Deum
553 2878 774 2941 omnipotentem
787 2876 916 2938 exorent,
929 2877 969 2937 ut,
979 2889 1031 2925 sua
1039 2875 1158 2926 inoblita
1166 2876 1302 2935 bonitate,
1312 2877 1425 2928 mentes
1436 2876 1556 2930 fidelium

336 2972 466 3010 errorum
479 2959 564 3009 armis
576 2972 643 3009 suae
655 2957 883 3023 inexpugnabilis
895 2957 1040 3021 potentiae
1051 2960 1184 3022 protegat
1196 2961 1225 3010 et
1236 2959 1380 3010 defendat.

597 3068 897 3136 Hartzucimooncilic
908 3068 1155 3131 omnisadeel
1166 3069 1198 3131 V,
1209 3069 1262 3121 blz.
1272 3069 1382 3120 223³&
1392 3069 1557 3132 (Conclusam

634 3150 798 3204 Treoerense
808 3150 990 3218 provinciale,
1001 3167 1076 3203 anno
1089 3152 1316 3216 medemur).

848 3323 902 3388 52
930 3312 1050 3403 (26613).

387 3488 514 3572 (1426,
534 3485 640 3571 April
668 3486 723 3567 4,)
749 3483 903 3551 Dowcai.
931 3486 1171 3564 Aantoelseniug
1201 3502 1278 3547 over
1301 3488 1514 3565 Jaequemart
1536 3491 1560 3551 lc

340 3588 456 3662 Phlon,
477 3589 540 3664 die,
563 3604 690 3665 wegens
707 3588 861 3665 lastering
877 3603 939 3647 van
957 3587 1060 3648 Maria
1077 3584 1319 3663 aangehouden,
1339 3584 1425 3649 vddr
1444 3589 1560 3667 baliuv

339 3704 380 3749 en
396 3687 572 3764 schepenen
587 3686 710 3747 terecht
727 3686 819 3747 stond
833 3702 872 3746 en
891 3701 953 3746 aan
970 3683 1030 3745 den
1048 3683 1150 3746 deken
1168 3683 1224 3744 der
1240 3682 1462 3749 christenheid
1480 3686 1561 3750 werd

340 3785 547 3864 uitgeleverd.

371 3920 553 3982 Jacquemart
570 3919 597 3970 le
615 3918 717 3978 Phlon,
736 3920 852 3984 sergent
868 3918 903 3968 de
921 3915 950 3966 la
966 3928 1164 3981 gouveruance
1182 3916 1217 3967 dc
1235 3916 1334 3981 Douay
1355 3920 1388 3969 et
1408 3920 1562 3977 d'Orchics,

340 4003 417 4054 avoit
428 4003 488 4052 este
500 4002 553 4052 mis
565 4002 726 4065 prisonnier
744 4015 779 4052 au
797 3999 904 4051 chastel
922 4001 939 4052 a
956 3999 1054 4062 Douay
1072 4009 1123 4061 par
1139 3996 1338 4051 l'ordonnance
1355 4001 1396 4053 du
1409 4002 1565 4057 lieutensut

342 4086 377 4136 de
398 4085 598 4149 mouseigneur
611 4082 638 4134 le
656 4096 846 4148 gouverneur,
863 4096 934 4146 pour
954 4081 1032 4131 avoir
1051 4078 1131 4144 parte
1152 4079 1347 4133 villainement
1368 4084 1407 4137 de
1429 4086 1459 4138 la
1474 4089 1566 4152 vierge

346 4167 446 4218 Marte.

377 4249 412 4300 Se
430 4250 473 4300 tut
489 4250 579 4300 rendu
596 4262 648 4313 par
665 4247 735 4299 ledit
752 4247 918 4303 lieutenant,
931 4246 1014 4310 aprez
1031 4243 1198 4309 pluissieurs
1216 4247 1355 4309 debats,a
1371 4247 1404 4302 la
1421 4253 1567 4320 congnos-

343 4345 427 4383 sance
436 4332 541 4383 desdits
551 4332 706 4382 eschevins.
715 4331 751 4382 Se
761 4331 804 4380 tut
812 4329 941 4394 callenge
950 4341 1002 4392 par
1011 4326 1038 4378 le
1047 4327 1134 4392 baiily
1145 4341 1180 4379 en
1190 4328 1273 4387 halle,
1281 4331 1403 4394 present
1412 4336 1567 4391 eschevius,

344 4414 407 4480 puis
416 4428 467 4478 par
478 4415 543 4464 culx
557 4414 645 4465 rendu
659 4427 694 4464 au
707 4413 791 4463 doien
804 4414 838 4463 de
850 4410 1032 4462 chrestiente.

604 4507 795 4558 Stadsarchiet
814 4509 842 4558 te
864 4506 989 4566 Dovvaai,
1009 4505 1082 4569 Reg.
1105 4503 1164 4569 ER,
1182 4505 1231 4557 tol.
1249 4504 1319 4557 tabi·
1338 4509 1525 4574 (uittreksels
1543 4514 1569 4564 lu

638 4589 698 4640 1551
718 4604 857 4656 genomcn
869 4590 911 4641 uit
923 4604 975 4642 ccn
988 4590 1061 4658 ch.
1075 4594 1120 4645 ter
1132 4591 1208 4644 halle
1226 4591 1403 4648 berustende
1419 4609 1458 4649 eu
1475 4597 1570 4664 begin·

638 4674 729 4723 nendo
741 4673 796 4724 deu
809 4673 827 4723 8
838 4672 914 4738 Sept.
930 4672 1014 4738 1425).
