3210 5386
337 564 388 617 102
860 560 965 613 ANNO
985 560 1048 611 1160

336 729 389 779 bus
401 726 593 785 Valdensium,
608 730 675 778 sunt
686 727 801 791 dyaboli
813 728 843 778 et
858 727 988 792 dyabole.
1003 726 1059 778 Sed
1077 727 1182 783 dicere,
1196 725 1325 788 quodibi
1344 724 1417 776 nulli
1434 727 1493 776 sunt
1506 724 1545 772 viri

335 811 383 861 aut
392 808 588 867 mulieres,est
596 810 689 873 primo
698 811 826 861 incidere
837 810 865 859 in
877 810 1090 866 inconveniens,
1100 809 1134 859 de
1144 822 1199 871 quo
1208 809 1288 872 prius
1297 809 1401 859 111111
1408 804 1543 857 articulum.

335 891 466 943 scilicet:
482 911 494 931 ·
508 889 640 942 Sanctam
658 893 778 944 matrem
791 890 940 943 ecclesiam
954 889 1133 948 catholicam,
1151 893 1207 941 etc·
1220 913 1232 934 n
1247 890 1299 941 Est
1311 890 1447 954 preterea
1462 889 1545 938 1111111

334 973 410 1023 enim
423 973 576 1023 enunciare
586 973 624 1030 id,
640 973 715 1035 quod
733 973 796 1037 quis
810 974 884 1023 scire
898 973 1006 1034 nequit,
1020 972 1073 1021 nisi
1088 972 1125 1021 sit
1136 972 1190 1023 sibi
1204 972 1377 1022 revelatum.
1391 969 1443 1020 Est
1452 970 1544 1032 insuper

334 1053 535 1105 irracionabile
547 1054 643 1104 dicere
653 1056 683 1105 et
692 1053 918 1120 inintelligibile,
932 1055 1008 1116 quod
1017 1054 1072 1104 sibi
1084 1053 1137 1104 soli
1149 1055 1284 1104 demones
1294 1053 1324 1104 in
1334 1066 1406 1104 sexu
1416 1052 1543 1103 11111111·

333 1136 450 1188 veniant
461 1138 494 1187 in·
503 1136 672 1199 corporibus
684 1138 837 1200 assumptis
850 1135 928 1186 nullo
940 1135 998 1187 flue
1010 1136 1046 1186 acl
1064 1136 1262 1199 decipiendum
1275 1135 1409 1185 homines
1421 1134 1450 1186 et
1459 1132 1542 1194 absque

335 1217 398 1278 hoc,
409 1219 485 1281 quod
494 1219 624 1270 homines
634 1220 692 1270 sint
701 1221 860 1284 presentes.
867 1218 948 1277 Quod
958 1221 1053 1270 autem
1062 1218 1102 1269 ibi
1112 1219 1170 1269 sint
1178 1219 1329 1281 utriusque
1340 1231 1427 1269 sexus
1435 1211 1545 1271 visioni

335 1302 364 1350 et
375 1299 469 1351 reales
480 1300 621 1359 homines,
634 1303 746 1352 constat
763 1315 798 1352 ex
816 1300 997 1364 processibus
1015 1302 1044 1352 11
1062 1300 1289 1352 confessionibus
1307 1300 1439 1364 ipsorum
1449 1295 1546 1348 vulden-

335 1383 418 1432 sium.
431 1382 532 1444 Neque
544 1384 694 1446 quisquam
706 1384 814 1440 vivens,
828 1383 883 1434 nisi
901 1385 977 1434 esset
993 1381 1143 1434 Valdensis
1160 1382 1191 1433 et
1202 1382 1339 1446 expertus
1352 1383 1403 1432 aut
1414 1376 1548 1430 vidissetis

334 1464 445 1527 pratica
463 1466 493 1515 et
509 1464 592 1515 libris
609 1466 804 1516 confessiones
821 1478 854 1514 ac
871 1478 1022 1528 processus
1039 1463 1233 1522 valdensium,
1253 1464 1343 1515 sciret
1359 1461 1517 1526 confingere
1530 1456 1556 1506 11

335 1546 501 1597 adinvenire
514 1546 601 1598 talem
612 1547 831 1604 contessionem,
845 1545 958 1609 qualem
968 1547 1071 1598 recitat
1083 1559 1156 1596 unus
1168 1545 1322 1597 illiteratus
1331 1543 1489 1595 vuldensis.
1497 1538 1558 1598 Quis

335 1628 426 1678 eciam
438 1628 534 1678 dicore
547 1630 576 1679 et
586 1629 729 1679 affirmare
741 1642 797 1679 non
806 1628 910 1693 potest,
921 1642 983 1680 csse
993 1641 1101 1688 verum,
1112 1628 1188 1691 quod
1197 1627 1255 1679 sint
1263 1639 1331 1679 vere
1341 1627 1371 1677 et
1379 1621 1566 1690 personaliter

334 1709 364 1758 in
385 1710 663 1775 congregacionibus
683 1709 741 1760 illis
762 1709 850 1773 aliqui
871 1711 924 1760 viri
945 1712 975 1761 et
994 1710 1131 1761 mulieres
1151 1710 1180 1760 11
1201 1708 1250 1760 alii
1275 1705 1493 1773 representativi
1511 1708 1574 1767 per

335 1791 480 1850 demones,
494 1792 548 1842 nisi
561 1792 599 1843 sit
608 1792 642 1843 de
652 1792 837 1856 complicibus
848 1794 897 1843 aut
906 1792 961 1843 nisi
970 1793 1008 1843 sit
1016 1793 1071 1843 sibi
1080 1791 1253 1843 revelatuml
1263 1790 1363 1853 Neque
1375 1785 1584 1840 verisimiliter

335 1873 472 1930 creditur,
486 1874 561 1936 quod
580 1875 656 1925 Deus
673 1875 854 1938 permitteret
871 1873 982 1937 aliquos
1000 1875 1166 1925 innocentes
1178 1874 1207 1924 in
1220 1873 1298 1924 secta
1308 1867 1502 1937 representari
1511 1870 1590 1931 per

334 1955 479 2018 demones,
493 1957 523 2005 nt
534 1956 715 2019 punirentur,
729 1956 810 2019 quasi
822 1956 919 2008 essent
936 1956 972 2007 dc
990 1958 1076 2007 secta.
1090 1956 1122 2006 In
1135 1969 1220 2007 causa
1231 1954 1308 2006 enim
1320 1951 1385 2015 tali,
1397 1952 1423 2003 si
1434 1964 1485 2016 pro
1495 1954 1594 1999 sero

334 2037 522 2101 reciperetur,
533 2038 580 2101 pie
593 2038 730 2096 creditur,
740 2039 816 2102 quod
829 2039 905 2089 Deus
917 2037 1060 2090 revelaret
1069 2038 1210 2089 iudicibus
1225 2036 1274 2087 aut
1282 2047 1335 2100 per
1346 2033 1597 2098 inspiracionem

333 2117 416 2170 daret
426 2119 468 2170 eis
481 2133 637 2184 agnoscere
650 2121 810 2184 veritatem,
823 2134 858 2172 ne
871 2121 1007 2172 innocens
1020 2121 1055 2172 de
1067 2122 1146 2171 secta
1157 2120 1309 2184 puniretur
1317 2118 1354 2169 (11
1363 2117 1452 2169 secta.
1464 2114 1597 2166 Pretel

334 2200 389 2250 hoc
406 2201 496 2251 eciam
508 2201 537 2250 in
550 2214 617 2251 casu
629 2201 679 2251 illo
693 2215 743 2252 seu
756 2203 784 2252 in
797 2216 864 2253 casu
881 2201 1022 2266 possibili,
1036 2202 1085 2253 ubi
1103 2202 1144 2252 ita
1161 2203 1246 2262 esset,
1259 2198 1376 2264 provide
1394 2197 1502 2249 indices
1512 2196 1597 2259 pe!

334 2283 529 2334 contessiones
538 2281 720 2334 valdensium
733 2288 762 2334 et
772 2298 923 2348 processus
931 2297 997 2334 cum
1006 2283 1137 2335 omnibus
1146 2277 1597 2344 encumsianciisprocessuum:

334 2365 512 2429 attingerent
523 2364 772 2430 certitudinaliter,
786 2366 860 2429 quod
874 2367 970 2417 essent
982 2364 1096 2431 dyaboli
1109 2366 1139 2416 et
1150 2363 1271 2429 dyabole
1284 2363 1314 2413 in
1332 2361 1392 2412 illis
1410 2371 1597 2426 congreg&

334 2445 465 2496 cionibus
478 2447 507 2498 et
520 2460 576 2496 non
589 2446 719 2498 homines
731 2448 897 2498 innocentes
906 2461 958 2513 per
967 2461 1017 2500 eos
1025 2446 1226 2512 representati,
1240 2444 1374 2508 quoniam
1386 2456 1424 2496 ex
1435 2441 1597 2508 superisa*

336 2527 419 2577 dictis
436 2526 592 2579 valdenses
609 2530 825 2592 frequentantes
844 2528 916 2581 tales
934 2529 1179 2595 congregaciones
1196 2540 1263 2579 vere
1281 2525 1479 2578 discernerent
1489 2523 1597 2573 intel

333 2607 483 2661 mulierem
510 2611 540 2662 11
562 2610 721 2675 dyabolam,
749 2613 951 2676 cuiuscumque
981 2611 1110 2662 mulieris
1136 2609 1258 2675 dyabola
1282 2606 1597 2673 representaci0nern

335 2692 452 2752 iaceret,
470 2694 499 2743 et
516 2692 651 2745 similiter
667 2694 744 2745 inter
761 2695 853 2745 virum
874 2696 903 2745 ct
923 2693 1086 2759 dyabolum.
1105 2693 1250 2754 Quotquot
1267 2691 1343 2742 enim
1362 2699 1555 2741 accusaverim
1567 2679 1597 2726 1

332 2772 485 2825 Ieremiam
502 2775 691 2841 d'Auvergne,
706 2775 925 2841 assignaverunt
936 2789 988 2840 pro
1007 2776 1074 2827 sede
1092 2775 1173 2825 iuxta
1189 2787 1252 2824 eam
1271 2774 1301 2824 et
1317 2773 1400 2837 parte
1417 2768 1515 2835 copule
1529 2762 1597 2815 εἰ

334 2868 448 2919 semper
470 2856 637 2921 dyabolum3
661 2860 691 2909 et
712 2857 806 2908 solum
829 2857 981 2923 dyabolum
1004 2858 1034 2907 in
1059 2855 1335 2921 congregacionibns
1358 2853 1490 2904 habuisse
1507 2856 1597 2913 pro

332 2937 435 3000 copula
452 2939 514 3000 ipss
531 2938 920 2990 1111111111111111111.111
937 2939 1071 2990 similiter
1088 2940 1117 2989 in
1136 2937 1200 2988 aliis
1218 2936 1400 3002 processibus
1418 2934 1555 2996 assignat·
1566 2925 1596 2972 ί

333 3017 382 3067 alii
412 3017 567 3070 valdenses
596 3021 739 3071 interdum
768 3021 903 3085 dyabolus
930 3023 959 3073 ct
984 3020 1121 3086 dyabolus
1149 3033 1201 3084 pro
1230 3018 1358 3084 partibus
1387 3014 1591 3080 copularunt),

332 3099 541 3166 distinguentes
564 3102 639 3153 inter
662 3103 738 3153 viros
761 3105 791 3153 et
812 3103 958 3167 dyabolos,
983 3104 1059 3154 inter
1081 3101 1217 3153 mulieres
1239 3091 1591 3164 1111111111111111·

332 3183 421 3238 verto,
442 3181 541 3239 lector,
560 3184 634 3246 quod
655 3184 785 3249 accipere
806 3184 860 3235 hoc
878 3198 929 3249 pro
947 3198 1024 3241 vero.
1044 3185 1098 3235 etsi
1116 3180 1253 3247 possibile
1270 3181 1387 3239 sitnisi
1404 3180 1542 3230 benacan
1557 3191 1584 3204 ⁹

333 3264 515 3322 staret,cssct
523 3264 709 3329 calumpniari
720 3268 808 3317 totam
815 3267 963 3318 veritatem
973 3267 1055 3318 istius
1065 3265 1108 3316 rei
1120 3266 1149 3317 et
1157 3264 1297 3329 impedire
1306 3275 1420 3314 omnem
1428 3259 1555 3311 11111111
1563 3279 1586 3306 ν

331 3346 380 3409 qui
393 3348 473 3409 sequi
486 3348 589 3399 exinde
601 3350 705 3412 potest,
719 3349 853 3411 quoniam
865 3351 942 3400 esset
954 3350 1053 3400 eadem
1065 3348 1143 3399 racio
1157 3348 1191 3398 de
1204 3345 1374 3409 quibusdam
1391 3339 1586 3394 hominibus,

332 3428 407 3489 quod
419 3431 688 3492 representarentur
699 3443 751 3494 per
764 3430 900 3482 demones
912 3432 961 3482 ant
972 3432 1089 3495 possent
1101 3427 1296 3493 representari
1308 3427 1383 3477 sicut
1400 3426 1435 3476 de
1447 3407 1586 3477 11111θε

331 3509 372 3558 sic
384 3508 428 3559 vel
442 3508 513 3561 nulli
525 3514 795 3575 representarentur
812 3515 861 3563 aut
874 3526 971 3563 omnes
983 3511 1262 3576 representarentur,
1276 3521 1398 3572 quorum
1411 3501 1587 3564 unumque

330 3593 375 3642 est
386 3591 598 3652 inconveniens,
612 3595 643 3643 ut
660 3593 730 3644 satis
743 3595 822 3657 patet
834 3608 869 3645 ex
888 3595 971 3644 dictis
988 3595 1078 3658 prius.
1092 3593 1192 3655 Neque
1209 3593 1254 3642 est
1271 3590 1434 3647 dicendum,
1446 3583 1515 3650 quod
1524 3582 1574 3667 ir?

332 3671 390 3722 illis
401 3674 677 3739 congregacionibus
689 3675 747 3725 sint
759 3675 878 3726 realiter
889 3678 919 3727 et
930 3675 991 3727 veri
1003 3676 1058 3725 viri
1071 3676 1100 3725 et
1117 3672 1253 3725 mulieres
1270 3671 1306 3723 de
1323 3669 1374 3721 vili
1391 3671 1422 3722 et
1433 3665 1567 3720 intsnort

332 3755 407 3805 statu
427 3756 547 3814 11111111,
568 3758 598 3807 11
619 3770 675 3807 non
697 3757 732 3808 de
753 3757 873 3808 honesto
897 3759 926 3808 et
949 3770 1052 3822 magno
1074 3757 1160 3815 statu,
1185 3754 1240 3805 nisi
1264 3750 1491 3817 representative
1507 3752 1562 3811 pe?

332 3836 476 3894 demones,
488 3838 622 3900 quoniam
633 3839 777 3889 interdum
787 3838 876 3902 aliqui
888 3840 954 3889 sunt
966 3840 1001 3890 de
1011 3839 1132 3890 honesto
1144 3839 1220 3888 statu
1230 3835 1387 3887 secuudum
1399 3831 1522 3885 seculum
1529 3828 1552 3878 et

330 3919 544 3982 reputacionem
556 3918 688 3971 iallacem
700 3920 857 3983 hominum,
869 3922 919 3983 qui
932 3921 1026 3971 miuus
1039 3922 1107 3971 sunt
1116 3919 1279 3970 constantes
1291 3915 1408 3968 racione
1426 3915 1458 3966 11
1473 3909 1554 3977 magis

328 3998 514 4063 deceptibiles
535 4002 565 4051 et
587 4000 738 4053 ductibiles
758 4016 794 4053 ex
814 4003 871 4054 tine
897 4003 989 4066 aliquo
1011 4003 1046 4052 ad
1068 4003 1174 4052 sectam
1191 3999 1271 4050 illam
1288 3997 1355 4055 hiis,
1375 3997 1426 4060 qui
1443 3996 1510 4047 sunt
1525 3992 1555 4043 dc

328 4080 427 4131 iniimo
436 4081 521 4142 statu,
532 4096 624 4146 neque
636 4085 783 4148 reputacio
792 4086 822 4136 et
830 4085 906 4136 lama
915 4084 1047 4142 humana,
1059 4097 1115 4147 que
1124 4081 1277 4146 aliquando
1286 4077 1375 4130 fallax
1387 4079 1433 4131 est
1441 4079 1473 4131 et
1480 4076 1555 4131 rues

328 4163 378 4212 aut
397 4163 488 4214 eciam
507 4167 689 4217 conversacio
708 4167 830 4219 honesta
849 4167 885 4218 ad
906 4168 988 4218 extra
1008 4168 1037 4218 et
1057 4167 1140 4230 signa
1160 4163 1307 4216 exteriora
1327 4160 1495 4212 devocionis
1515 4159 1561 4210 aut

330 4257 441 4308 queque
454 4245 523 4298 talia
532 4261 661 4312 usquam,
672 4262 726 4311 que
736 4248 830 4300 locum
843 4248 950 4300 habent
961 4250 990 4299 in
1003 4249 1124 4300 materia
1134 4249 1163 4298 et
1174 4259 1242 4298 casu
1251 4243 1438 4296 valdensium
1447 4244 1564 4309 propter

328 4324 552 4380 occultacionem
563 4342 654 4389 casus,
668 4331 717 4393 qui
728 4325 937 4382 secretissimus
949 4332 1003 4393 est,
1017 4331 1047 4382 11
1057 4331 1174 4394 propter
1186 4325 1419 4394 singularitatem
1432 4323 1565 4380 materie,

329 4421 499 4471 quamquam
520 4411 549 4460 in
569 4414 651 4475 parte
672 4425 689 4462 a
708 4413 850 4463 iudicibus
870 4413 986 4476 pensari
1008 4412 1130 4463 debeant
1151 4411 1180 4461 et
1200 4408 1310 4460 librari.
1332 4406 1403 4458 Esto
1425 4407 1521 4459 eciam
1540 4408 1569 4458 et

328 4503 474 4553 concesso,
494 4492 571 4553 quod
591 4505 690 4544 verum
710 4495 899 4546 communiter
922 4494 1059 4556 creditur,
1081 4492 1157 4555 qnod
1178 4490 1309 4542 homines
1332 4489 1368 4540 de
1392 4487 1454 4540 alto
1479 4490 1511 4540 11
1534 4488 1568 4539 (11

329 4569 450 4623 honesto
468 4573 544 4624 statu
561 4574 619 4624 sint
635 4576 728 4640 magis
746 4576 876 4640 vigentes
894 4576 1010 4627 racione
1027 4576 1057 4627 et
1074 4574 1238 4626 constantes
1255 4572 1341 4636 atque
1361 4582 1399 4622 ex
1419 4583 1454 4624 se
1474 4570 1571 4622 minus
