3210 5386
335 458 384 510 100
854 462 959 515 ANNO
979 461 1042 511 lton

330 626 542 680 accusaverunt,
565 624 755 686 obsequentes
780 625 909 687 demoni;
931 639 985 687 que
1006 625 1209 675 excusaciones
1229 626 1304 688 apud
1326 626 1416 676 bonos
1435 627 1499 676 viros
1513 629 1535 675 et

330 718 432 769 graves
450 704 528 755 nulle
546 708 621 761 sunt,
634 720 699 756 cum
716 710 854 771 suggestu
873 709 902 758 11
913 707 1104 770 promissione
1116 721 1203 771 super
1216 721 1315 758 omnes
1328 709 1459 772 superius
1470 711 1539 759 tactas

331 787 535 850 promissiones
548 802 610 837 cum
625 789 745 839 demone
757 788 985 852 singularissime
998 788 1091 839 eidem
1103 789 1298 852 promiserint,
1311 790 1409 854 sepius
1425 791 1453 840 in
1469 793 1540 840 morte

330 869 372 919 ita
388 869 529 932 praticare
547 871 576 920 et
592 871 688 921 tacere
707 870 741 921 ad
757 872 829 921 tlnes
847 871 967 921 interius
986 873 1085 931 tactos,
1100 872 1338 933 quemadmodum
1356 870 1545 930 inluetantia

331 949 445 1001 mortali
457 953 574 1014 peccato
587 953 735 1010 decedant,
749 967 831 1003 suum
849 953 877 1003 in
896 955 988 1004 morte
1009 953 1168 1004 ditiltcntur
1184 955 1214 1004 et
1231 955 1339 1018 negant
1356 968 1451 1005 casum
1467 966 1544 1003 suun.

331 1032 458 1083 dicentes
470 1035 566 1084 omnia
577 1035 604 1085 vi
617 1035 727 1086 tortore
739 1035 856 1092 dixisse,
870 1036 925 1086 etc.

330 1210 355 1260 8.
376 1211 600 1279 calumpniande
611 1229 666 1263 non
679 1223 743 1266 sient
753 1217 943 1266 acensaeiones
955 1216 1026 1280 secte
1036 1232 1087 1282 per
1105 1216 1255 1268 Vallenses
1266 1217 1301 1268 de
1313 1218 1374 1270 suis
1385 1215 1555 1282 complicitos

364 1310 399 1344 ex
416 1310 456 1352 eo,
470 1294 544 1361 qnod
557 1293 687 1346 nonnulli
698 1294 804 1356 dieunt,
818 1296 949 1348 demones
962 1299 991 1347 in
1004 1299 1271 1364 congregacionibns
1290 1299 1469 1350 Valdensium
1478 1310 1557 1364 posse

365 1383 557 1442 representare
572 1385 597 1427 et
613 1377 771 1444 confingere
783 1377 910 1431 homines
922 1383 1009 1430 cctam
1023 1382 1182 1433 incessentes
1195 1388 1218 1431 ct
1231 1384 1383 1433 1111111111
1394 1381 1560 1446 experimen·

318 1488 321 1493 <
366 1456 460 1510 taliter
471 1459 554 1510 istam
565 1467 676 1510 sectam.

366 1589 438 1640 Tum
456 1590 511 1641 ista
522 1591 615 1654 prima
626 1592 752 1649 racione,
766 1594 840 1655 quod
854 1594 1009 1645 Valdenscs
1022 1596 1238 1657 frequentantes
1250 1593 1489 1658 congregaciones
1499 1601 1559 1640 non

333 1673 467 1722 accusant
479 1672 624 1729 demones,
637 1687 708 1735 quos
721 1674 811 1724 eciam
828 1678 1004 1739 cognoscunt
1016 1689 1068 1739 per
1081 1676 1204 1732 nomina,
1219 1677 1251 1725 ut
1262 1675 1454 1739 presidentem
1467 1673 1557 1722 deno-

333 1767 397 1804 nem
410 1755 439 1805 et
450 1754 607 1805 familiares
620 1756 755 1806 demones
768 1771 818 1807 scu
831 1756 1033 1808 sollicitatores
1051 1760 1221 1821 apparentes
1235 1758 1263 1806 in
1282 1757 1377 1820 specie
1395 1755 1508 1806 humana
1520 1753 1561 1801 et

332 1836 488 1887 servientes
498 1837 527 1886 in
539 1851 637 1887 mensa
648 1837 692 1888 vel
703 1838 836 1889 sedentes
845 1853 898 1902 pro
910 1840 1013 1902 copula
1025 1854 1087 1889 cum
1099 1839 1177 1901 aliis3
1189 1853 1280 1902 neque
1290 1840 1426 1888 accusant
1434 1836 1559 1887 homines

332 1917 445 1980 penitus
463 1918 517 1968 sibi
536 1917 606 1968 alias
624 1920 747 1983 ignotos,
767 1934 838 1983 quos
856 1921 954 1972 vident
971 1922 999 1970 in
1021 1921 1250 1986 congregacione
1268 1923 1296 1970 et
1315 1920 1446 1970 nesciunt
1464 1926 1559 1968 eorum

333 1999 464 2060 nomina3
478 2013 548 2063 ergo
561 1999 653 2050 solum
666 2005 800 2052 accusant
812 2016 871 2057 eos,
885 2017 955 2066 quos
968 2007 1146 2068 cognoscunt
1158 2016 1220 2053 esse
1233 2001 1364 2052 homines
1383 2004 1412 2052 et
1428 2000 1469 2050 eis
1480 1999 1560 2048 notos

334 2079 420 2130 aliter
437 2093 521 2143 quam
539 2095 591 2144 per
609 2083 699 2132 visum
717 2084 746 2132 in
759 2085 997 2148 congregacione.
1012 2084 1130 2142 Quando
1143 2084 1219 2135 enim
1232 2084 1367 2133 accusant
1379 2095 1429 2132 eos
1440 2078 1558 2140 descrip-

335 2162 403 2222 tive,
424 2162 527 2212 nedum
548 2167 724 2226 cognoscunt
747 2179 797 2215 eos
817 2179 869 2228 per
890 2166 980 2217 visum
1001 2168 1030 2216 in
1051 2167 1288 2231 congregacione,
1309 2163 1380 2216 alias
1400 2155 1561 2214 aecusmeut

335 2257 434 2294 omnes
444 2243 478 2294 de
487 2246 724 2309 congregacione,
736 2247 885 2297 sedeciam
897 2248 1030 2299 viderunt
1042 2262 1091 2298 eos
1101 2249 1129 2297 in
1140 2249 1256 2298 mundo.
1270 2246 1339 2297 Cum
1351 2259 1419 2297 vero
1431 2237 1560 2295 mearant

334 2338 384 2376 eos
397 2325 574 2383 nominatim,
586 2328 688 2377 nedum
699 2333 876 2393 cognoscunt
885 2344 935 2381 eos
947 2344 999 2394 per
1009 2331 1099 2380 visum
1109 2330 1138 2379 in
1151 2329 1380 2393 congregacione
1392 2326 1436 2378 vel
1448 2322 1557 2376 mundo·

334 2407 385 2458 sed
398 2408 488 2457 eciam
500 2421 552 2471 per
568 2409 695 2459 auditum
709 2415 738 2460 et
749 2425 801 2474 per
812 2411 1035 2462 collocucionem
1054 2426 1118 2461 cum
1136 2411 1179 2462 eis
1197 2413 1246 2461 aut
1263 2411 1297 2461 de
1316 2410 1359 2461 eis
1377 2410 1406 2460 et
1421 2405 1556 2458 interdum

335 2501 388 2553 per
405 2488 536 2553 copulam
554 2490 697 2541 carnalem
715 2493 744 2542 in
758 2494 863 2544 mundo
876 2493 919 2544 vel
934 2494 963 2544 in
976 2493 1206 2559 congregacione
1219 2494 1267 2542 aut
1279 2493 1402 2554 utroque
1414 2489 1500 2544 modo,
1509 2477 1556 2532 tel

335 2582 388 2634 per
401 2573 649 2623 conversacionem
662 2574 691 2623 et
702 2574 928 2625 lamiliaritatem
941 2575 1065 2639 aliquam
1078 2588 1141 2624 cum
1155 2575 1196 2624 eis
1215 2574 1243 2623 in
1262 2572 1367 2624 mundo
1386 2573 1556 2632 111111118-

336 2652 466 2718 gecione,
479 2653 523 2704 vel
536 2656 603 2716 quia
620 2656 764 2706 duxerunt
782 2670 830 2706 eos
848 2658 939 2720 primo
953 2659 988 2707 ad
1001 2660 1106 2708 sectam
1120 2659 1149 2706 et
1161 2655 1419 2720 congregacionem
1432 2650 1473 2703 vel
1485 2641 1556 2699 ducti

336 2733 457 2785 suntab
478 2735 536 2799 eis;
558 2737 703 2788 instruens
724 2739 800 2787 enim
821 2742 850 2788 et
872 2739 1026 2788 instructus
1049 2739 1146 2801 sepius
1166 2736 1250 2786 simul
1273 2736 1379 2786 vadunt
1397 2735 1432 2785 ad
1448 2738 1556 2794 1111119·

338 2817 486 2881 gacionem
499 2819 528 2867 et
540 2818 660 2870 redeunt
673 2820 707 2868 de
721 2821 959 2884 congregacione.

371 2896 442 2947 Tum
453 2899 577 2949 secunda
586 2902 701 2951 racione
712 2901 782 2952 tales
792 2902 945 2952 valdenses
956 2905 1090 2952 accusant
1098 2898 1340 2952 certitudinaliter
1350 2896 1556 2957 homines,qu0⁸

337 2980 458 3028 noscunt
469 2992 503 3029 ex
516 2980 577 3030 sola
588 2984 827 3047 congregacione,
839 2984 973 3046 quoniam
989 2985 1082 3034 sciunt
1094 2996 1193 3033 eorum
1207 2981 1323 3031 nomine
1339 2983 1368 3031 et
1385 2978 1477 3038 villas,
1487 2968 1557 3026 unde

337 3061 497 3119 suntote,
522 3075 557 3112 ex
581 3063 678 3114 auditu
702 3066 731 3114 et
758 3064 953 3116 collocucione
976 3079 1026 3115 scu
1050 3063 1280 3122 conversacione,
1304 3063 1334 3113 et
1359 3077 1417 3113 non
1435 3042 1560 3113 accusttnt

338 3141 482 3200 demones,
495 3157 566 3205 quos
584 3147 705 3196 noscunt
722 3160 756 3196 ex
774 3145 837 3196 sola
853 3147 1083 3212 congregacione
1101 3145 1269 3196 nominatim
1282 3158 1318 3195 ex
1330 3145 1430 3194 auditu
1441 3144 1470 3194 et
1480 3133 1560 3192 00110‘

338 3222 457 3274 cucione
467 3238 517 3275 seu
527 3227 746 3279 conversacione
759 3229 787 3278 in
800 3229 1038 3293 congregacione,
1052 3229 1081 3278 in
1094 3228 1219 3278 humana
1230 3227 1324 3292 ligura
1335 3225 1375 3276 ibi
1388 3219 1562 3289 appareultss·

340 3304 417 3370 Ergo
430 3305 544 3370 signum
556 3309 608 3366 est,
622 3310 696 3371 quod
709 3312 844 3360 accusant
854 3310 931 3360 solos
941 3310 1070 3360 homines
1082 3310 1112 3361 et
1123 3309 1200 3372 quod
1211 3320 1279 3360 vere
1290 3309 1320 3359 et
1328 3296 1561 3357 cerutumnatitsf

340 3386 505 3438 discernunt
523 3390 551 3439 et
569 3390 748 3456 distinguunt
764 3391 841 3442 inter
858 3391 989 3442 homines
1002 3392 1031 3442 et
1043 3390 1188 3447 demones,
1202 3390 1278 3441 inter
1291 3389 1368 3439 viros
1379 3390 1411 3439 et
1421 3381 1562 3453 dyanotoso

340 3467 563 3520 intermulieres
576 3473 605 3520 et
614 3471 759 3536 dyabolas,
773 3475 804 3523 ut
815 3473 937 3524 interius
950 3472 1026 3523 clare
1039 3472 1158 3537 patebit.

373 3549 403 3600 Si
420 3563 488 3601 vero
506 3550 560 3612 illi,
580 3553 628 3615 qui
645 3553 775 3604 nituntur
792 3554 987 3618 calumpniare
1006 3554 1206 3605 accusaciones
1222 3550 1407 3603 Valdensium
1426 3551 1515 3601 111111
1529 3543 1556 3594 do

340 3630 405 3682 aliis
416 3633 613 3699 eomplicibus,
625 3636 767 3688 adducant
784 3635 926 3700 exempla,
939 3637 1074 3700 quoniam
1092 3635 1121 3685 in
1139 3634 1221 3685 libris
1238 3632 1370 3698 exempla
1387 3634 1456 3683 sunt
1473 3629 1558 3687 multa.

341 3714 495 3778 dignentur
506 3717 536 3767 et
547 3719 648 3769 curent
657 3721 776 3780 quotare
784 3718 890 3769 librum
899 3720 929 3769 et
937 3732 1063 3782 passum,
1074 3717 1123 3768 ubi
1132 3717 1225 3781 primo
1236 3719 1265 3768 et
1274 3713 1457 3781 originaliter
1464 3723 1561 3778 ponun-

341 3797 389 3847 tur
400 3797 451 3849 illa
462 3797 603 3862 exempla,
616 3801 648 3850 ut
658 3800 818 3862 videantur,
829 3800 864 3850 ad
874 3801 949 3862 quod
961 3800 1139 3863 propositum
1151 3800 1181 3849 et
1190 3799 1224 3848 ad
1235 3812 1321 3861 quem
1333 3797 1421 3848 tinem
1431 3810 1499 3848 cum
1510 3793 1565 3846 aliis

341 3879 518 3942 respectibus
531 3884 560 3931 11
571 3880 792 3932 circumstanciis
804 3882 972 3939 recitantur,
986 3883 1024 3938 et,
1038 3895 1102 3931 cum
1115 3880 1168 3931 Dei
1181 3881 1289 3945 gracia.
1304 3878 1420 3929 dabitur
1431 3878 1470 3928 ad
1487 3877 1567 3942 quod·

341 3959 413 4012 libet
424 3961 595 4026 exemplum,
608 3977 659 4027 pro
672 3963 872 4015 satistaciendo
884 3964 1053 4026 cuicumque
1071 3963 1202 4027 poscenti
1214 3962 1370 4017 racionem,
1382 3960 1532 4013 sufficiens
1546 3959 1572 4011 et

342 4041 466 4105 speciale
475 4056 653 4107 responsum,
664 4046 694 4096 et
702 4045 779 4097 clare
789 4045 897 4096 videbit
907 4044 999 4095 omnis
1009 4043 1104 4100 homo,
1115 4043 1191 4105 quod
1201 4041 1334 4105 exempla
1342 4039 1394 4091 illa
1403 4054 1461 4091 non
1471 4040 1577 4093 habent

340 4122 435 4174 locum
447 4125 474 4174 in
487 4139 555 4176 casu
566 4128 802 4192 congregacionis
820 4125 1017 4190 Valdensium,
1033 4126 1074 4175 iia
1086 4126 1117 4174 ut
1134 4138 1170 4174 ex
1188 4125 1230 4176 eis
1247 4122 1440 4186 calumpniari
1457 4126 1578 4186 possunt

341 4208 392 4257 aut
402 4206 540 4258 minorari
550 4207 672 4259 debeant
683 4209 882 4259 aecusacIones
894 4221 947 4271 per
960 4206 1115 4257 valdenses
1127 4207 1202 4256 lacte
1216 4204 1251 4254 de
1263 4202 1462 4268 complicibus.

377 4288 519 4340 Demones
536 4290 612 4340 enim
630 4289 659 4340 in
677 4289 772 4353 aliquo
790 4303 857 4339 casu
875 4289 995 4352 possunt
1011 4289 1212 4352 representare
1230 4285 1360 4336 homines
1378 4285 1415 4335 ad
1428 4285 1519 4338 tinem
1531 4301 1581 4339 eos

345 4369 515 4434 decipiendi,
531 4372 589 4421 Deo
602 4373 795 4434 permittente,
809 4372 839 4422 et
850 4371 964 4420 modum
976 4367 1175 4434 possibilitatis
1186 4368 1281 4418 sciunt
1291 4366 1346 4417 viri
1358 4366 1446 4427 docti,
1458 4368 1582 4432 potissi·

347 4466 423 4503 mum
443 4451 472 4503 in
493 4467 638 4504 sacrarum
658 4453 819 4506 litterarum
838 4451 947 4517 pericia
966 4450 1081 4510 eruditi,
1094 4451 1124 4502 et
1143 4450 1171 4501 in
1190 4449 1249 4500 suis
1269 4447 1465 4504 voluminibus
1489 4449 1580 4502 lacius
