3164 5386
319 502 336 554 ⁶
791 505 895 559 ANNO
914 506 987 567 1322,
1006 505 1070 556 1323

319 672 466 738 stipitique
483 673 628 739 appositus
645 673 765 725 tlammia
781 673 924 738 iungitur3
944 673 995 726 sed
1012 686 1110 725 earum
1128 672 1221 726 medlo
1240 673 1324 737 quasi
1337 686 1410 726 rore
1423 673 1536 726 annaeo

321 759 534 823 temperatoque
561 756 663 808 balneo
692 756 887 821 subportatur.
920 756 1012 822 Super
1042 771 1098 820 quo
1127 756 1282 821 inquisitor
1311 771 1372 808 non
1406 758 1536 809 modicum

321 840 513 900 contunditur,
537 840 586 904 qui
607 839 726 903 reliquis
746 840 903 891 astantibus
928 839 1156 903 stupendumque
1180 839 1345 891 videntibus
1371 841 1536 891 ammiratu.

322 924 471 976 Praelatua
487 925 584 987 itaque
601 921 762 974 haereticus
774 923 870 986 stipite
883 920 1002 976 tollitur,
1023 922 1136 973 carceri
1149 922 1282 984 traditur,
1296 922 1392 974 donec
1409 924 1537 974 transacta

321 1008 404 1057 nocte
416 1005 477 1057 dies
488 1005 614 1057 crastina
623 1004 832 1068 praesentatur.
846 1003 909 1062 Qua
923 1002 1086 1055 lucescente
1099 1016 1153 1054 nec
1165 1016 1221 1054 non
1234 1002 1307 1054 hora
1318 1003 1407 1055 dictis
1423 1016 1537 1070 congrua

320 1089 462 1148 veniente,
483 1088 558 1139 idem
578 1087 730 1151 inquisitor
749 1084 911 1138 vehementi
928 1086 1065 1137 instantia
1085 1099 1251 1150 summaque
1268 1085 1427 1153 diligentia
1444 1087 1537 1138 dictim

319 1171 445 1238 postulat
466 1173 499 1222 ut
520 1171 600 1235 priua
622 1169 721 1235 poenis
745 1170 831 1235 dirigi
860 1170 890 1220 et
919 1169 1095 1219 flammarum
1123 1168 1263 1220 incendiis
1293 1167 1423 1235 alligari,
1447 1171 1538 1234 quint

320 1254 430 1320 pridem
450 1252 516 1318 palo
535 1253 675 1318 J'ungitur,
697 1253 758 1319 igni
778 1253 943 1317 imponitur,
967 1252 1017 1303 sed
1039 1265 1089 1303 nec
1110 1251 1177 1316 pilis
1198 1265 1250 1302 nec
1269 1251 1400 1303 vestibus
1421 1253 1539 1304 flammae

321 1337 461 1389 voracitas
482 1339 625 1401 operatur.
648 1335 729 1387 Unde
749 1336 841 1399 stipiti
865 1334 1035 1391 subtractus,
1059 1332 1176 1386 illaesus
1200 1338 1230 1386 ct
1251 1334 1378 1386 intactus
1404 1334 1539 1402 ergastulo

322 1421 455 1472 sociatur.
475 1417 566 1482 snper
583 1432 638 1482 quo
657 1419 748 1468 dictus
766 1417 919 1481 inquisitor
932 1430 995 1467 cum
1007 1417 1121 1474 ceteris,
1134 1429 1233 1468 verum
1244 1414 1335 1467 multo
1348 1430 1423 1482 prae
1435 1419 1540 1475 ceteris.

323 1503 451 1568 tangitur
472 1503 502 1552 et
524 1501 677 1565 suspiranti
706 1501 799 1550 studio
824 1499 892 1563 quid
920 1513 967 1551 res
995 1502 1059 1550 acta
1086 1497 1156 1549 velit
1184 1499 1304 1550 innuere
1334 1503 1543 1564 percunctatur.

324 1584 378 1636 Hic
405 1585 501 1648 itaquo
529 1583 573 1633 vir
600 1583 789 1648 peritissimus
819 1581 927 1645 talique
956 1583 1071 1648 negotio
1098 1581 1310 1647 sagacissimus,
1339 1583 1437 1634 sciens
1465 1584 1543 1634 istum

323 1668 464 1719 veraciter
491 1666 667 1717 haereticum
692 1665 873 1728 incendiique
903 1665 1003 1728 poenis
1032 1665 1241 1729 dignissimum,
1270 1665 1381 1729 cogitat
1411 1666 1467 1716 ista
1495 1680 1545 1716 non

324 1763 409 1816 posse
426 1750 488 1801 fleri
507 1749 561 1799 nisi
578 1751 639 1799 arte
657 1748 836 1804 daemonum,
853 1749 923 1798 nutu
940 1747 1002 1798 Dei.
1022 1746 1201 1812 Quapropter
1218 1746 1267 1797 die
1286 1748 1383 1807 tertia,
1397 1748 1547 1812 juventutis

326 1832 430 1884 delicta
451 1833 584 1896 repetens
613 1832 641 1882 et
669 1844 771 1895 puram
800 1831 1007 1881 contessionem
1036 1829 1153 1890 iaciens,
1183 1828 1267 1880 altari
1295 1829 1444 1895 jungitur,
1469 1833 1549 1882 missa

326 1916 482 1982 perficitur,
513 1915 649 1977 quaedam
680 1914 838 1964 substantia
866 1913 956 1976 pixidi
984 1912 1118 1977 imposita
1145 1913 1208 1977 ejus
1237 1912 1349 1977 gremio
1373 1913 1548 1978 deportatur.

326 1999 442 2050 Interea
458 1997 494 2048 ad
510 1997 673 2047 instantiam
692 1995 869 2059 inquisitoris
890 1996 981 2046 dictus
1002 1995 1163 2046 haereticus
1183 2008 1298 2046 carcere
1317 1997 1473 2060 promitur,
1494 1997 1550 2062 igni

327 2080 482 2133 attrahitur
503 2081 532 2130 et
557 2080 646 2143 stipiti
668 2080 727 2144 jam
752 2080 837 2129 tertio
866 2079 1053 2135 combinatur.
1078 2077 1136 2141 qui,
1167 2079 1199 2128 ut
1225 2077 1315 2141 prius,
1345 2077 1471 2130 flammis
1499 2093 1550 2130 non

328 2164 466 2229 tangitur,
486 2163 551 2213 cute
569 2177 625 2212 uon
646 2161 769 2213 laeditur
788 2175 839 2212 nec
859 2161 959 2225 quavis
976 2161 1020 2210 sui
1038 2162 1119 2224 parte
1136 2160 1265 2224 corporis
1284 2160 1451 2212 infestatur.
1470 2161 1551 2226 Cujus

328 2245 525 2298 ammiratione
548 2257 600 2295 nec
623 2258 678 2294 non
702 2245 841 2309 stupenda
863 2244 974 2294 ratione
998 2243 1149 2307 inquisitor
1177 2255 1247 2308 prae
1275 2243 1380 2293 ceteris
1412 2244 1550 2308 dejicitur,

328 2329 377 2393 qui
396 2326 508 2391 prolata
530 2326 636 2391 pixide,
657 2328 716 2379 vari
738 2326 861 2377 numinis
879 2326 1068 2383 invocatione,
1088 2323 1138 2375 tali
1156 2339 1226 2375 sono
1245 2325 1381 2376 carminis
1399 2324 1551 2378 elevatur:

331 2409 380 2462 “O
404 2410 480 2461 Deus
504 2409 640 2473 piissime,
664 2424 680 2459 0
705 2409 817 2460 Christe
840 2408 1071 2470 clementissime,
1101 2409 1182 2473 cujus
1212 2422 1315 2472 corpus
1344 2412 1552 2463 sanctissimum

329 2492 474 2559 praesenti
489 2491 600 2542 vasculo
619 2492 782 2551 deferimus,
796 2492 852 2543 ilde
869 2493 984 2559 integra
1000 2492 1094 2543 cordis
1112 2491 1237 2555 hospitio
1250 2493 1449 2559 deportamus,
1466 2494 1552 2559 pande

330 2577 415 2635 tuam,
428 2587 544 2639 quaeso,
556 2574 691 2638 pietatem
705 2578 874 2638 nostraeque
887 2574 953 2625 fidei
965 2574 1123 2631 veritatem,
1135 2574 1176 2631 ut,
1187 2587 1238 2625 cur
1247 2575 1301 2626 iste
1313 2575 1552 2640 despectissimus,

331 2658 408 2710 omni
425 2654 566 2709 catholico
583 2657 724 2713 inimicus,
744 2657 810 2722 igne
829 2671 885 2707 non
903 2657 1024 2714 roditur,
1044 2656 1220 2707 ostendatur.
1241 2657 1312 2708 Nam
1333 2658 1359 2708 si
1376 2672 1431 2709 sua
1448 2659 1554 2711 haeresi

330 2744 430 2794 contra
447 2741 531 2792 iidem
547 2739 740 2804 praevaluerit
757 2752 809 2791 nec
824 2741 917 2803 ipsum
937 2739 1114 2789 flammarum
1129 2752 1237 2804 vorago
1256 2738 1420 2798 involverit,
1444 2755 1554 2794 necesse

330 2826 375 2877 est
388 2822 565 2875 orthodoxae
576 2821 700 2874 cultores
719 2822 841 2873 deiicere
855 2821 993 2885 Patrique
1006 2820 1174 2880 naviculam,
1188 2822 1218 2872 id
1231 2823 1284 2882 est,
1297 2824 1428 2874 sanctam
1439 2827 1554 2876 matrem

331 2905 497 2963 Ecclesiam,
516 2906 714 2969 despectorum
733 2904 864 2956 fluctibus
884 2903 1028 2955 vacillare.
1043 2927 1056 2948 ι
1075 2904 1137 2963 Qua
1153 2905 1284 2956 oratione
1301 2906 1437 2969 suspiriis
1449 2907 1556 2972 prolata

331 2989 512 3053 lacrimisque
534 2989 622 3046 finita,
644 2988 718 3039 sicut
736 2988 867 3038 fraxinus
886 2987 948 3050 pice
965 2987 1080 3038 madida
1096 2987 1236 3052 pinusque
1254 2988 1359 3039 sudans
1378 2990 1489 3050 resina,
1505 2992 1554 3042 iate

332 3070 499 3124 maledictus
524 3070 617 3121 uritur
639 3072 668 3121 et
690 3068 860 3135 stipularum
889 3082 968 3120 more
997 3068 1098 3120 leviori
1126 3069 1258 3121 incendio
1284 3070 1450 3123 devoratur.
1474 3072 1555 3138 cnjus

332 3154 404 3207 hora
425 3167 480 3204 vox
507 3152 664 3219 caliginoso
693 3166 760 3204 aere
783 3153 951 3217 percipitur,
976 3165 1048 3215 quae
1071 3152 1169 3215 utique
1193 3152 1379 3204 daemonibus
1404 3155 1554 3207 traditur:

335 3257 348 3281 u
361 3237 476 3302 Majoria
497 3237 587 3293 nostri
609 3236 772 3300 praesentia
794 3238 822 3286 te
845 3233 968 3300 amplius
992 3249 1048 3285 non
1078 3248 1228 3300 possumus
1254 3235 1412 3288 defendere
1441 3252 1497 3291 nec
1520 3238 1556 3290 ni

335 3320 463 3373 custodia
474 3319 648 3384 praevalere.
663 3342 675 3361 ·

602 3480 738 3534 willelmi
755 3478 903 3533 chronicon
922 3478 1053 3533 monachi
1071 3487 1096 3533 et
1108 3481 1306 3548 procuratoris
1327 3479 1518 3548 Eymondnni,
1530 3482 1559 3536 al

628 3578 704 3615 anno
716 3577 951 3631 ponamusque
963 3562 1002 3614 od
1011 3578 1119 3614 annum
1131 3576 1183 3615 oio.
1195 3576 1252 3614 coo.
1264 3575 1361 3624 xxxin,
1371 3563 1412 3628 blj
1424 3565 1560 3618 antonius

631 3646 800 3705 Matthaeus,
814 3644 956 3708 Analecta,
968 3645 1009 3696 2⁶⁶
1021 3646 1139 3711 uitgaal‚
1151 3644 1214 3697 decl
1227 3645 1255 3697 lI
1268 3643 1364 3711 (1738),
1375 3645 1433 3698 bla.
1443 3646 1560 3699 ssa-591.

866 3899 893 3964 a
918 3890 1030 3983 (177⁶).

393 4137 499 4207 1323,
518 4129 608 4206 loli,
638 4128 821 4215 Valcncijn
839 4150 883 4196 en
900 4130 1099 4214 Kamenja.
1118 4132 1362 4212 hanteekening
1378 4139 1568 4217 aangaande

339 4231 394 4293 het
418 4231 599 4294 onderaoek
628 4249 691 4293 van
715 4232 776 4293 don
801 4233 855 4295 abt
884 4249 947 4293 van
976 4233 1117 4310 Vicogne
1146 4248 1224 4295 over
1252 4232 1291 4294 de
1319 4234 1480 4313 Begljnen
1510 4254 1568 4300 van

340 4330 663 4408 Valencijn,alsmede
676 4332 862 4409 aangaande
874 4331 929 4392 het
941 4331 1120 4394 onderzoek
1134 4347 1210 4393 over
1223 4331 1342 4393 dievan
1355 4336 1569 4416 Antwerpen,

342 4429 471 4491 Brussel
489 4446 528 4491 en
545 4431 662 4492 andere
678 4431 823 4507 plaatsen
840 4447 903 4492 van
924 4431 1124 4493 Vlaanderen
1141 4447 1180 4492 en
1197 4430 1351 4506 Brabant,
1374 4434 1526 4517 (gelegen
1541 4438 1572 4499 in

343 4526 399 4591 het
410 4528 577 4608 geestelijk
589 4529 700 4609 gebied
716 4545 779 4591 van
795 4530 856 4592 den
873 4529 1021 4608 bissohop
1039 4547 1101 4592 van
1118 4529 1309 4609 Kamerijk).
