3210 5386
605 559 706 615 ANNO
726 559 790 612 1460
1256 559 1302 612 lm

45 734 133 782 suos
159 723 279 782 indices,
292 723 343 776 sed
354 724 478 777 scienter
488 723 654 777 celaverunt
664 725 763 787 multa,
773 738 865 788 neque
880 724 992 791 integre
1002 723 1124 776 confessi
1134 725 1200 776 sunt
1208 725 1305 775 lorsan
1343 723 1346 728 '

46 814 78 864 in
95 803 196 858 toro
210 807 353 859 interiori.
370 806 407 857 Ilt
417 807 442 857 sl
454 806 605 871 aliqnando
623 821 676 873 per
693 808 789 860 fletum
806 807 852 860 vel
869 807 926 859 alia
942 807 1026 873 signa
1041 806 1185 858 exteriora
1200 806 1305 858 contri-

48 893 180 945 tiones
194 889 353 947 ostendant,
371 889 400 939 id
418 889 527 941 iaciunt
543 889 635 942 solum
653 893 771 955 propter
788 891 920 942 timorem
937 890 1038 940 mortis
1056 887 1212 955 corporalis
1229 902 1304 938 com·

51 971 209 1028 maniter
219 973 249 1024 et
256 973 289 1022 ut
300 984 363 1023 eam
374 972 501 1034 evadant,
512 975 561 1023 aut
571 974 689 1038 propter
698 973 835 1024 honorem
845 973 1027 1023 mundanum.
1038 971 1149 1028 Tercio,
1162 972 1304 1034 quoniam.

52 1052 206 1110 maxime
216 1054 265 1105 ubi
277 1067 324 1106 res
336 1056 380 1105 eat
392 1066 464 1104 nora
473 1054 503 1104 in
515 1053 621 1119 populo
633 1057 663 1105 et
674 1053 828 1119 complices
839 1055 975 1119 putantur
987 1052 1078 1113 multi,
1088 1053 1163 1116 quod
1176 1052 1307 1118 suggerit

54 1141 187 1192 demon
203 1136 424 1202 denegscionem
436 1138 480 1187 sui
492 1149 575 1187 casus
587 1137 622 1188 ad
634 1137 832 1188 concitandum
849 1135 985 1202 populum
1002 1149 1066 1186 cum
1082 1148 1167 1186 cursu
1185 1133 1303 1199 compli-

56 1227 129 1274 curn'
159 1219 299 1271 adversm
316 1219 425 1270 iudices
437 1219 467 1270 et
478 1221 654 1279 executores,
674 1219 723 1282 qui
740 1220 872 1270 videntur
890 1219 1112 1283 condempnasse
1129 1218 1306 1280 innocentes,

58 1301 235 1372 presertim
247 1300 367 1366 pulchra
383 1301 471 1353 verba
487 1301 683 1359 moriencium‚
698 1302 747 1365 qui
758 1301 871 1352 tandem
883 1301 913 1351 in
926 1299 978 1351 illa
988 1300 1180 1366 abnegacione
1197 1298 1308 1364 eligunt

62 1383 164 1438 mori.
184 1383 257 1436 'l'um
273 1384 373 1441 eciam,
386 1386 420 1434 ut
431 1397 488 1434 non
499 1384 671 1448 procedatur
687 1384 788 1434 contra
804 1382 875 1434 alios
893 1381 1045 1448 complices
1057 1385 1085 1433 et
1103 1385 1134 1433 nt
1151 1381 1309 1433 liberentur

64 1470 92 1520 in
102 1466 289 1518 carceribus
301 1466 409 1518 detenti
421 1467 450 1517 et
461 1469 553 1518 cesset
564 1467 686 1521 iusticia,
693 1465 866 1528 credantque
878 1466 1012 1529 astantes,
1024 1465 1099 1528 quod
1112 1465 1169 1515 sint
1180 1463 1310 1527 sompnia

66 1548 255 1608 etiantasie,
267 1549 298 1601 et
308 1563 364 1600 non
382 1548 483 1613 perdat
499 1548 601 1601 demon
618 1547 690 1599 alios
707 1561 757 1599 seu
774 1547 891 1612 predam
909 1546 1003 1608 aliam,
1021 1547 1070 1598 sed
1088 1547 1200 1598 maneat
1215 1545 1307 1596 adbuc

69 1632 95 1683 in
105 1630 292 1697 obsequium
308 1645 390 1683 sunm
402 1631 438 1682 ad
449 1631 609 1683 iaciendum
621 1629 705 1682 mala.
718 1631 818 1693 Neque
831 1629 866 1680 ab
877 1642 909 1681 re
921 1632 974 1690 est,
987 1630 1012 1680 si
1024 1629 1097 1680 iuste
1110 1627 1309 1690 derelinquant

70 1711 239 1766 valdenses
255 1715 326 1766 adeo
339 1714 368 1765 in
381 1715 482 1773 morte,
492 1714 541 1777 qui
552 1712 714 1778 specialiter
730 1714 758 1763 ln
771 1713 830 1762 rita
846 1712 900 1762 hoc
911 1713 1085 1768 meruerunt,
1099 1711 1203 1761 iniuste
1219 1709 1306 1761 relin-

74 1796 205 1858 quentes
228 1797 319 1848 Deum
336 1810 389 1861 per
405 1795 492 1862 longa
513 1798 642 1860 tempora
664 1796 735 1857 vite3
754 1795 845 1844 iustus
862 1795 938 1845 enim
958 1795 1002 1845 est
1019 1794 1104 1852 Dens,
1123 1793 1153 1844 et
1169 1791 1235 1843 talla
1252 1794 1310 1842 vita

74 1872 177 1927 usust
191 1879 221 1929 at
236 1877 322 1929 talem
343 1879 478 1942 mortem3
497 1878 527 1929 et
543 1878 689 1942 precipue,
712 1890 776 1928 cum
796 1877 825 1926 in
844 1888 897 1927 sua
914 1874 1083 1939 recepcione
1103 1875 1138 1925 ad
1158 1875 1262 1925 sectam
1281 1875 1311 1923 et

76 1961 341 2026 congregacionem
369 1961 500 2011 dederint
528 1960 650 2011 animam
674 1973 752 2009 suam
776 1958 890 2009 demoni
914 1957 1071 2008 habendam
1093 1957 1123 2008 in
1147 1958 1250 2008 morte.
1273 1955 1310 2006 Et

81 2051 258 2105 quamquam
277 2043 388 2107 possint
406 2044 515 2095 conteri
531 2045 561 2094 et
577 2042 709 2094 confiteri
726 2042 760 2092 de
778 2041 896 2092 dacione
920 2040 1025 2103 enimc,
1046 2052 1137 2102 neque
1157 2040 1311 2103 propterea

82 2121 132 2174 dut
146 2119 205 2191 [in]
217 2123 445 2189 impossibilitate
457 2125 493 2176 ad
504 2125 698 2189 penitendum,
717 2122 905 2174 communiter
921 2124 1016 2173 mmen
1035 2122 1070 2173 de
1082 2121 1136 2172 hoc
1146 2119 1309 2186 specialiter

84 2217 133 2256 non
147 2207 326 2259 confitentur
338 2208 387 2258 aut
397 2208 593 2266 conteruntur,
612 2207 662 2258 sed
679 2207 880 2271 impenitentes
897 2205 1038 2256 decedunt
1055 2204 1199 2261 obstinati,
1217 2203 1308 2254 obdu·

88 2285 149 2347 rati,
172 2303 229 2340 non
246 2289 359 2355 integre
377 2289 500 2340 coniesai
511 2291 541 2341 et
557 2288 723 2346 valdenses,
741 2289 800 2339 sive
817 2288 977 2339 moriantur
993 2287 1022 2337 in
1039 2286 1165 2350 prisione
1182 2286 1241 2337 sive
1258 2298 1312 2350 per

90 2367 228 2423 iusticiam
245 2374 295 2423 ant
312 2383 488 2434 quocumque
508 2372 588 2435 eant;
609 2372 692 2437 signa
708 2372 784 2423 enim
802 2384 852 2422 sue
873 2369 1057 2421 contriclonis
1077 2368 1225 2434 sepissime
1244 2368 1311 2418 licta

94 2451 161 2512 sunt.
176 2456 208 2506 ut
218 2455 337 2506 evadant
354 2455 474 2505 mortem
491 2453 676 2518 temporalem
694 2455 743 2505 aut
753 2453 948 2504 contusionem
961 2451 1078 2503 honoris
1094 2451 1238 2509 mundani,
1255 2451 1310 2501 etc.

97 2532 182 2586 illest
197 2537 265 2588 satis
277 2535 470 2588 verisimiliter
481 2536 665 2600 pensandum,
679 2535 755 2599 quod
766 2548 854 2600 prope
871 2536 993 2586 mortem
1010 2535 1113 2586 demon
1134 2533 1252 2598 apparet
1268 2531 1311 2584 eis

100 2612 218 2683 risibilis,
239 2620 288 2683 qui
308 2632 358 2669 eos
379 2618 512 2670 terrendo
533 2619 563 2669 et
584 2632 637 2683 per
656 2618 868 2684 suggestionem
891 2617 1000 2667 inducit
1022 2616 1057 2666 ad
1078 2614 1259 2667 inficiendum
1282 2613 1313 2664 et

105 2697 286 2764 denegandum
297 2701 377 2766 prins
393 2701 563 2765 contemta,
576 2701 617 2751 ita
628 2703 660 2751 ut
671 2700 775 2759 dicant,
788 2699 863 2762 quod
876 2699 905 2749 vi
916 2699 1059 2756 dixerunt,
1072 2698 1107 2749 ad
1119 2696 1310 2749 excusandum

109 2791 132 2829 se
142 2781 169 2831 ct
178 2782 247 2835 allos
260 2782 423 2848 complices.

150 2969 185 3024 l²·
202 2973 280 3033 Quod
297 2976 367 3028 iuste
384 2977 415 3028 in
427 2977 526 3042 prime
542 2977 704 3029 eoeoencioac
720 2977 752 3026 in
769 2973 819 3029 boc
842 2974 899 3027 loco
920 2971 1078 3040 valdenses,
1091 2981 1119 3027 ut
1133 2980 1209 3043 petet
1226 2987 1261 3026 css

294 3057 478 3126 processibus,
495 3056 585 3111 rcttctt
600 3066 664 3111 sunt
681 3065 729 3110 aut
746 3057 839 3111 relicte
855 3057 975 3112 seculari
992 3060 1111 3110 iusticie.

10 3202 33 3243 :s
139 3178 197 3240 Tum
209 3188 312 3252 primo,
325 3187 419 3240 relicti
431 3190 537 3240 suntin
550 3188 720 3254 exemplum,
734 3191 766 3241 ut
777 3189 887 3241 scilicet
898 3191 1015 3242 daretur
1033 3187 1193 3253 exemplum
1209 3187 1313 3253 populo

10 3281 35 3325 :c
117 3259 235 3322 demde
246 3270 321 3322 bene
333 3271 524 3322 ediliceretnr.
538 3271 610 3323 Tum
622 3272 756 3331 secundo,
769 3274 887 3337 propter
897 3273 1051 3325 novitatem
1063 3272 1155 3336 primo
1171 3270 1315 3337 cognitam

10 3373 20 3407 a
116 3336 170 3396 lito
177 3347 244 3402 loco.
255 3351 293 3403 Et
301 3352 400 3409 tercio,
411 3353 529 3417 propter
538 3354 736 3405 enormitatem
745 3354 788 3405 rei
797 3353 827 3404 in
837 3367 868 3405 se
877 3356 906 3405 et
916 3352 1084 3419 complicum
1092 3351 1313 3404 multitudinem.

116 3416 313 3497 1lillnsrnquam
331 3447 429 3485 verum
452 3434 497 3493 sit,
518 3435 592 3498 quod
612 3435 733 3487 ecclesia
752 3436 916 3488 misericors
936 3450 999 3488 esse
1025 3435 1110 3487 debet
1130 3436 1160 3486 et
1184 3435 1315 3500 graciosa

116 3514 184 3572 neque
194 3516 278 3568 debet
290 3515 424 3569 claudere
439 3518 579 3582 gremium
592 3518 627 3568 ad
640 3532 671 3569 sc
683 3518 815 3570 redeunti
826 3533 878 3584 pro
893 3520 984 3583 prima
995 3519 1065 3578 rice,
1078 3518 1132 3569 hoc
1143 3516 1315 3582 intelligitur

10 3630 27 3651 .·
116 3596 198 3656 'tium
210 3599 323 3662 quando
336 3599 447 3663 quises
459 3613 490 3650 se
502 3602 532 3651 et
542 3600 643 3665 sponte
655 3613 705 3652 seu
718 3602 797 3652 motu
808 3603 924 3666 proprio
937 3615 970 3652 ac
981 3602 1093 3668 integre
1106 3614 1140 3653 eo
1151 3601 1246 3660 modo,
1259 3612 1314 3662 quo

10 3695 26 3746 j
116 3678 220 3733 tomiano
236 3683 332 3746 potest
349 3694 385 3733 ex
401 3681 491 3748 signis
509 3682 710 3742 exterioribus,
724 3684 760 3735 ad
773 3683 921 3736 ecclesiam
939 3685 1028 3749 redit;
1046 3687 1114 3736 tunc
1125 3684 1201 3736 enim
1213 3684 1315 3748 imper·

10 3772 39 3815 :s
115 3750 192 3814 cienda
212 3765 256 3815 est
277 3763 485 3826 misericordia,
507 3766 654 3833 potissime
679 3765 703 3816 si
727 3765 802 3823 talia,
827 3767 876 3830 qui
902 3767 1063 3826 revertitur,
1091 3766 1234 3817 homicida
1259 3777 1315 3816 non

10 3877 17 3898 ›.
37 3851 44 3865 ⁴
115 3829 182 3892 lnerlt
207 3858 300 3909 neque
322 3847 453 3898 nocuerit
473 3849 550 3898 terre
573 3847 656 3898 bonis
682 3849 730 3899 aut
747 3849 922 3901 eiuscemodi
941 3848 1081 3900 maleficia
1099 3847 1317 3913 perpetraverit,

42 3960 45 3964 -
117 3925 186 3984 bane
196 3926 279 3978 dabis
292 3927 381 3980 luerit
395 3942 459 3979 cum
476 3928 527 3980 tali
545 3943 632 3981 onore
650 3929 855 3982 maleficiorum
872 3929 991 3982 ecclesie
1011 3944 1063 3995 per
1079 3930 1220 3981 iusticiam
1237 3942 1316 3979 secu·

10 4011 30 4050 .·’
116 3991 192 4058 lmus.
206 4006 324 4066 Quando
342 4022 409 4061 nero
428 4009 519 4062 altera
530 4012 590 4061 vice
602 4011 798 4063 verisimiliter
809 4013 964 4064 creduntur
976 4026 1006 4064 se
1018 4013 1121 4064 offerre
1132 4025 1214 4064 casus
1226 4011 1317 4076 magis

10 4110 24 4143 s.
43 4142 46 4149 Α
117 4088 209 4146 etlltlces
224 4092 321 4157 gracie
339 4092 369 4143 et
384 4092 581 4144 misericordie
599 4108 649 4145 seu
667 4093 868 4159 propiciabiles
887 4109 922 4146 cx
935 4094 1117 4146 multitudine
1137 4092 1316 4158 complicum,

10 4179 11 4183 ’
26 4187 44 4223 ;.
117 4164 188 4220 ltttst
196 4171 317 4225 ecclesia
326 4173 356 4224 in
368 4187 402 4226 eo
414 4188 482 4226 casu
494 4175 609 4227 differre
622 4176 764 4241 impartiri
772 4179 802 4228 et
812 4178 957 4241 suscipere
968 4178 995 4227 in
1006 4177 1131 4242 graciam
1140 4189 1191 4228 seu
1203 4177 1315 4241 aperire

24 4294 34 4304 .
119 4241 203 4305 mes.
218 4255 414 4308 misericordie
425 4257 455 4307 in
468 4257 572 4310 alteras
585 4259 659 4310 vices
671 4260 701 4310 et
712 4272 768 4309 non
783 4259 850 4310 dare
869 4261 995 4325 graciam
1007 4260 1036 4311 in
1048 4260 1141 4325 prima
1152 4258 1213 4311 rice
1224 4271 1275 4310 sen
1286 4259 1316 4308 in

10 4347 50 4401 ,e
121 4327 190 4412 lfimt
213 4338 393 4391 executione.
414 4338 484 4391 Cum
508 4354 576 4392 vero
603 4341 665 4403 quis
691 4341 846 4393 revertitur
867 4341 902 4392 ad
922 4340 1069 4393 ecclesiam
1094 4343 1191 4393 coacte
1211 4343 1240 4393 et
1260 4353 1316 4390 non

123 4407 218 4478 mesre,
237 4421 286 4472 sed
303 4423 421 4486 apparet
440 4422 621 4487 impenitens,
641 4435 694 4473 nec
712 4424 837 4475 ostendit
859 4424 941 4489 signa
961 4424 1143 4475 contricionis
1165 4436 1241 4481 vera,
1265 4421 1315 4473 sed

10 4524 12 4542 ι
24 4516 55 4554 et
124 4483 206 4549 neisat
215 4502 352 4562 simulate,
364 4505 395 4556 et
405 4504 453 4556 diu
464 4505 639 4556 continuavit
649 4505 680 4555 in
692 4509 778 4564 secta,
791 4519 883 4569 neque
894 4507 1048 4569 requisitus
1061 4506 1129 4558 dicit
1141 4505 1245 4563 omnia,
1258 4517 1313 4568 qne

128 4569 267 4635 witinowa
283 4588 312 4637 et
328 4586 521 4640 verisimiliter
541 4588 668 4640 creditur
686 4601 703 4639 a
720 4588 860 4640 iudicibus
877 4589 969 4651 quoad
987 4601 1018 4640 se
1035 4590 1065 4640 et
1081 4588 1174 4652 quoad
1190 4587 1272 4646 alios,
1284 4587 1313 4638 et
