3164 5386
331 493 363 548 bl
848 490 951 542 ANNO
971 488 1034 539 1⁴18

333 661 502 716 berelloales
525 662 555 712 et
578 658 721 723 sapientes
744 655 878 716 heresim,
903 669 936 706 ae
957 656 1057 706 contra
1085 653 1169 706 fldem
1192 656 1221 706 et
1246 667 1349 708 mores
1374 658 1535 709 erroneoset

334 748 468 810 unquam
486 742 678 805 scandalosos,
699 740 853 791 sediciosos
874 739 903 789 et
921 738 1000 801 pacis
1018 737 1184 800 turbativos,
1207 738 1243 789 de
1263 738 1374 802 quibus
1393 739 1436 791 tui
1454 740 1480 791 et
1492 752 1537 791 sun

334 829 486 881 inlamatus
506 830 536 878 et
555 839 606 891 per
625 823 833 875 contessionem
853 834 945 872 meam
965 821 1119 880 convietus.
1139 821 1232 873 sciens
1250 835 1300 873 me
1317 834 1438 874 errasse
1454 823 1481 874 in
1495 821 1539 874 illis

335 926 419 978 quam
430 911 594 976 plurimum,
613 920 662 959 ore
680 906 835 969 conflte0r3
853 905 938 955 corde
956 904 1076 954 firmiter
1093 903 1179 954 credo
1198 917 1301 956 omnes
1313 904 1456 957 articulos
1465 918 1541 971 supe

334 995 465 1059 scriptos.
478 1006 542 1043 cum
563 989 805 1041 determinacione
825 985 909 1037 huius
931 986 1005 1036 sacri
1024 983 1139 1035 concilii
1158 983 1416 1052 Konstantianais,
1428 1001 1481 1040 non
1495 1000 1543 1039 ene

333 1076 503 1136 katholicus,
524 1073 574 1124 sed
591 1072 744 1130 hereticos,
763 1082 815 1120 nee
833 1067 1073 1134 dogmatizandos.
1097 1067 1218 1132 Insuper
1236 1066 1336 1120 libera
1354 1071 1462 1130 mente,
1482 1067 1542 1121 nulle

333 1160 453 1226 cogente
466 1158 514 1208 aut
526 1153 701 1219 impellente.
714 1151 768 1202 hoc
779 1152 896 1216 proprio
908 1164 971 1202 meo
980 1150 1086 1214 scripto
1098 1162 1194 1200 coram
1206 1150 1299 1211 vobis,
1312 1151 1546 1205 reverendissimis

333 1243 363 1294 in
391 1240 504 1292 Christo
524 1237 653 1303 patribus
675 1239 705 1287 et
728 1234 849 1284 dominis
873 1234 944 1285 meis
965 1233 1193 1298 generosissimis
1221 1236 1415 1287 sacrosancte
1435 1234 1547 1287 Roman

335 1322 454 1376 ecclesie
466 1319 656 1373 cardinalibus
668 1320 697 1370 et
713 1317 817 1368 ceteris
829 1317 858 1366 in
871 1316 983 1367 Christo
995 1315 1124 1380 patribus
1136 1316 1166 1367 et
1182 1315 1311 1367 dominis
1324 1315 1549 1383 archiepiscope.

338 1405 478 1470 episeopis
495 1406 524 1455 et
541 1402 699 1465 abbatibus,
712 1413 863 1462 coramque
881 1398 1043 1449 doctoribus
1063 1400 1092 1450 et
1107 1398 1254 1463 magistris
1271 1399 1427 1451 variuum
1443 1398 1547 1452 iaculis·

337 1490 397 1539 tnm
419 1486 589 1537 doctissimis
610 1483 770 1546 ceterisque
792 1481 913 1531 dominis
935 1493 1175 1544 quorumcumque
1197 1481 1325 1531 statuum
1346 1485 1400 1533 ant
1419 1483 1546 1549 mnan

336 1569 458 1635 singulis
469 1571 499 1619 et
510 1567 648 1619 universis
659 1566 744 1616 huius
756 1577 836 1615 sacre
848 1563 1089 1629 congregationis,
1108 1563 1245 1627 profiteor
1256 1563 1336 1626 quod
1350 1565 1399 1616 sto
1411 1568 1442 1617 et
1452 1577 1551 1630 sempe

337 1655 453 1718 paratus
470 1664 532 1702 sum
549 1652 626 1701 stare
643 1648 764 1697 tirmiter
784 1649 813 1698 et
832 1645 956 1697 fideliter
975 1659 1039 1697 cum
1060 1645 1157 1696 sancta
1175 1644 1345 1709 apostoliea.
1369 1646 1552 1698 katholicaet

337 1736 467 1787 Romana
484 1733 536 1785 Dei
554 1730 675 1784 ecclesia
691 1731 720 1780 in
738 1728 1025 1780 determinacionibus
1043 1730 1072 1778 et
1089 1728 1321 1779 ordinacionibus
1339 1729 1417 1788 eius.
1432 1733 1551 1794 unquam

337 1831 401 1869 cum
420 1818 511 1867 matre
530 1828 594 1866 mea
613 1817 697 1877 atque
718 1812 843 1862 omnium
864 1809 1108 1868 curistindelium
1131 1810 1234 1860 nedum
1254 1810 1445 1863 decretorum
1465 1813 1512 1864 sed
1529 1814 1552 1862 ct

339 1899 581 1951 decernendorum
593 1909 659 1947 vere
671 1895 817 1959 magistra,
827 1894 872 1944 cui
885 1906 997 1943 sensum
1006 1906 1100 1944 meum
1113 1906 1168 1942 non
1180 1905 1324 1955 coequans
1335 1907 1392 1945 seu
1404 1897 1552 1960 preterens,

340 1983 390 2033 sed
410 1983 574 2032 reverenter
594 1978 744 2033 subiciens,
767 1991 840 2026 nune
863 1979 892 2027 et
912 1988 1025 2038 semper
1045 1974 1190 2025 humiliter
1210 1975 1313 2026 obedio
1338 1978 1430 2040 atque
1453 1990 1553 2041 semper

341 2064 457 2115 obedire
478 2064 592 2127 paratus
615 2074 687 2116 sum,
700 2062 784 2122 prout
806 2058 899 2109 tidelis
922 2057 1007 2113 tilius,
1028 2058 1076 2119 (lui
1097 2059 1210 2107 tenetur
1232 2056 1361 2110 fideliter
1383 2073 1438 2123 pro
1459 2060 1553 2110 viribus

342 2157 393 2194 sue
423 2140 620 2192 honestissime
650 2138 748 2188 matris
776 2138 850 2188 tueri
880 2136 1027 2192 bonorem,
1051 2135 1168 2186 ubilibet
1194 2136 1310 2186 sortiter
1338 2140 1371 2188 et
1400 2142 1553 2189 constanter

343 2223 507 2276 defendere.
529 2221 565 2272 Et
584 2221 762 2271 continenter
781 2219 880 2270 eadem
904 2217 1036 2269 libertate
1058 2218 1195 2281 profiteor
1217 2220 1303 2281 atque
1326 2220 1467 2279 veridice.
1490 2219 1554 2283 quod

341 2321 405 2359 cum
424 2306 478 2357 hoe
499 2317 581 2355 sacro
600 2304 812 2354 Constaneiensi
830 2300 958 2366 generali
979 2299 1108 2358 concilio,
1131 2300 1321 2352 universalem
1339 2303 1397 2354 Dei
1416 2303 1553 2355 ecclenm

341 2389 567 2454 representantc.
587 2389 629 2435 sto
647 2390 676 2436 et
693 2385 772 2435 stabo
791 2387 819 2435 et
836 2397 949 2447 semper
965 2388 1041 2434 stare
1053 2384 1166 2447 paratus
1184 2396 1245 2433 sum
1263 2383 1394 2436 fideliter
1406 2390 1437 2438 et
1449 2387 1555 2436 tirmiter

344 2484 431 2534 super
451 2467 737 2521 determinaeionibus
755 2471 783 2518 et
801 2466 1030 2517 ordinacionibus
1050 2466 1121 2523 eius,
1143 2467 1172 2516 et
1190 2467 1343 2530 presertim
1364 2467 1435 2529 hiis,
1457 2481 1509 2532 que
1526 2467 1554 2518 ad

343 2555 428 2605 ildem
450 2552 604 2617 pertinent,
627 2553 703 2600 ratas
731 2551 835 2600 nedum
857 2549 976 2599 eredens
999 2561 1047 2598 eas
1071 2550 1120 2598 aut
1141 2549 1288 2612 profitens.
1319 2550 1372 2602 sed
1402 2552 1555 2602 constanter

342 2637 474 2688 tenturus
491 2636 521 2685 et
537 2635 726 2698 professurus.
746 2630 907 2696 specialiter
924 2643 1010 2694 super
1027 2631 1286 2694 condempnaeionc
1304 2644 1359 2683 rav
1379 2633 1554 2684 articulorum

343 2718 478 2771 iohannis
496 2715 613 2768 Wicleii
627 2716 662 2766 de
680 2714 784 2780 Anglia
801 2716 830 2764 et
847 2727 905 2764 xxx
921 2711 1106 2763 articulorum
1118 2712 1254 2763 Iohannis
1274 2713 1337 2764 Hus
1358 2715 1396 2766 de
1419 2716 1553 2770 Bobenia

343 2803 451 2854 duecte
477 2801 561 2862 atque
587 2798 698 2848 sineere
723 2797 870 2861 profitens,
897 2796 952 2847 rite
981 2797 1010 2846 et
1035 2793 1144 2846 utiliter
1169 2794 1231 2846 illas
1254 2809 1318 2847 esse
1342 2798 1555 2863 condempnata

344 2882 540 2937 conclusiones
561 2882 694 2943 tanquam
715 2877 953 2929 christifidelibus
973 2877 1110 2928 obnoxias
1131 2879 1215 2941 atque
1233 2878 1309 2930 dicte
1326 2879 1452 2933 ecclesie
1472 2880 1553 2931 turbs·

344 2966 426 3016 tiras.
444 2964 481 3014 Et
497 2964 527 3014 in
543 2963 599 3013 ista
615 2962 670 3012 tide
688 2963 717 3013 et
733 2962 874 3012 sententia
891 2974 1095 3023 quemeumque
1112 2959 1225 3012 fidelem
1237 2960 1418 3014 katholicam
1429 2964 1553 3014 viatorem

347 3061 409 3100 esse
438 3046 532 3098 iudico
564 3056 789 3110 permansurum,
821 3045 850 3094 et
879 3043 1064 3106 pertinaciter
1094 3043 1268 3094 contrarium
1296 3047 1476 3097 asserentem
1502 3046 1554 3095 lens

346 3129 513 3187 hereticum,
540 3127 623 3178 teneo
650 3127 680 3177 et
703 3139 799 3176 assero
827 3126 989 3175 tenendum.
1017 3125 1053 3175 Et
1077 3125 1113 3175 ad
1134 3125 1296 3176 firmitatem
1320 3126 1351 3177 et
1373 3128 1553 3179 ostensionem

347 3210 518 3264 sinceritatis
541 3211 570 3260 et
588 3209 720 3272 puritatis
748 3208 851 3259 mentis
879 3221 951 3264 mee,
982 3220 1016 3258 ne
1045 3221 1100 3257 non
1129 3220 1201 3272 pura
1221 3209 1316 3259 mente
1339 3209 1392 3260 scd
1415 3209 1553 3261 simulante

347 3294 412 3345 bule
429 3305 508 3345 sacre
525 3291 745 3355 congregacioni
765 3303 811 3340 me
829 3290 975 3340 existimer
992 3290 1174 3349 conformari,
1192 3288 1292 3340 abiuro
1309 3292 1341 3341 et
1360 3292 1552 3345 matbemab'sv

349 3373 477 3442 singulas
494 3374 610 3426 hereses
627 3375 656 3423 et
673 3385 786 3423 errores
803 3372 995 3436 predictorum
1013 3371 1204 3422 hereticorum
1221 3371 1504 3437 comdempnatorum
1518 3372 1552 3425 lo.

350 3455 850 3515 Wicleffet10.Hus,etomnem
873 3453 957 3504 aliam
981 3453 1104 3505 heresim
1127 3467 1160 3504 ae
1183 3467 1368 3519 quoscunque
1390 3469 1511 3518 arrosus,
1529 3465 1553 3504 ss

351 3539 521 3593 extollentes
544 3537 588 3589 vel
612 3537 756 3602 erigentes
779 3539 878 3587 eontra
902 3537 932 3587 et
955 3536 1088 3587 adversus
1111 3536 1296 3587 tradicionem
1319 3536 1553 3602 apostolicamel

351 3621 559 3674 observantiam
587 3618 807 3671 eeclesiasticam
838 3619 873 3669 de
901 3619 990 3682 ipsius
1018 3616 1139 3670 ecclesie
1161 3620 1348 3671 sacramentis
1377 3622 1408 3673 et
1435 3619 1552 3675 clavibus

350 3704 566 3759 veneracionem
599 3705 759 3752 sanctorum
794 3703 823 3751 et
853 3701 1016 3752 eorumdem
1047 3700 1233 3763 reliquiarum
1263 3703 1294 3753 et
1320 3701 1553 3769 indulgenciam

352 3787 511 3854 approbans
534 3787 563 3837 et
586 3784 805 3848 approbaturum
827 3798 871 3834 me
891 3784 1059 3847 promittens
1079 3784 1109 3834 et
1127 3783 1202 3834 bona
1226 3782 1282 3835 ilde
1301 3784 1425 3837 iurando
1446 3785 1553 3838 nuncet

351 3883 474 3934 semper,
501 3867 554 3919 Dei
579 3867 672 3932 gratia
694 3879 806 3930 semper
835 3869 1015 3930 cooperante,
1045 3866 1184 3917 sinceram
1213 3865 1298 3917 fldem
1321 3868 1352 3918 et
1373 3869 1554 3922 credulum

351 3955 449 4005 sancte
476 3949 618 4002 katholioe
646 3953 676 4001 et
700 3949 829 4000 Romane
858 3948 978 4000 ecclesie
1007 3949 1041 4000 de
1068 3950 1202 4012 prelatis3
1229 3951 1259 4001 et
1285 3949 1351 4001 iuro
1374 3966 1428 4018 per
1448 3953 1555 4006 meten

354 4034 523 4087 Trinitatem
543 4035 572 4084 et
591 4045 642 4096 per
661 4030 714 4083 heo
736 4033 835 4082 sancta
854 4031 907 4082 Dei
926 4030 1091 4095 Evangelia,
1111 4044 1165 4094 que
1185 4030 1215 4082 in
1237 4032 1370 4085 manibus
1390 4036 1463 4089 meis
1478 4038 1554 4089 aaa.

352 4130 398 4169 me
420 4118 450 4168 in
472 4115 590 4167 veritate
613 4113 733 4165 ecclesie
758 4112 911 4172 katholiee‚
938 4115 972 4164 ad
996 4128 1078 4177 quam
1102 4114 1162 4164 Deo
1185 4115 1315 4178 propicio
1338 4130 1406 4170 sum
1433 4128 1556 4174 remma.

352 4213 464 4264 semper
481 4199 510 4250 et
526 4198 588 4248 sine
605 4197 690 4247 dubio
708 4209 886 4260 permanere,
904 4198 933 4247 et
950 4210 1008 4252 eos.
1028 4196 1076 4259 qui
1093 4198 1194 4246 contra
1210 4195 1283 4247 hanc
1301 4197 1558 4254 uetermmecionen

352 4282 436 4334 huius
448 4281 520 4331 sacri
533 4279 645 4331 concilii
663 4282 692 4329 ei
709 4280 870 4342 presentem
888 4293 979 4329 meam
998 4279 1204 4342 professionem
1221 4280 1366 4339 venerint,
1380 4297 1447 4336 cum
1464 4286 1560 4351 dogm*

354 4365 429 4416 tibus
440 4365 499 4413 suis
511 4365 609 4414 eterno
622 4361 799 4412 anathemate
818 4362 919 4425 dignos
936 4375 998 4412 esse
1017 4361 1182 4425 pronuncio.
1197 4361 1277 4418 Quod
1296 4364 1321 4413 si
1339 4379 1400 4431 ego
1417 4368 1491 4434 ipse,
1502 4363 1564 4433 quod

356 4447 438 4506 absit,
451 4447 549 4496 contra
561 4445 632 4494 hanc
644 4443 791 4493 veritatem
804 4446 833 4493 et
844 4444 1050 4494 contessionem
1063 4441 1216 4505 aliquando
1234 4442 1311 4494 aliud
1330 4451 1457 4515 sentire,
1471 4455 1565 4509 tenere,

356 4529 503 4597 predicare
522 4530 571 4579 aut
590 4539 717 4577 asserere
735 4525 846 4590 publice
864 4526 906 4578 vel
931 4525 1048 4584 occulte,
1067 4526 1236 4578 verbotenus
1256 4527 1301 4578 vel
1323 4528 1354 4581 in
1374 4537 1503 4604 scriptis,
1514 4548 1567 4602 pre.
