3164 5386
311 513 360 553 m
593 468 764 544 marera
796 489 1033 544 suessones·
1068 490 1249 545 sannam

304 663 409 715 deinde
430 658 520 710 semel
544 658 574 708 in
597 655 733 720 hospitali
756 655 878 706 Sanctae
904 654 1055 707 Trinitatis
1077 657 1148 707 inibi
1171 670 1261 721 prope
1282 661 1397 721 portam
1417 658 1535 712 Sanctae

306 742 478 797 (1011011010
500 739 631 796 tandm,
651 740 682 791 et
704 740 861 800 postremo,
885 737 1161 789 mansuetionis
1181 738 1306 790 ecclesia
1324 741 1537 792 carmelitamm

309 824 407 891 oppidi
418 821 567 887 praedicti.
581 819 717 882 nulloque
728 832 797 870 sero
809 818 976 870 charactere
989 833 1007 869 a
1017 826 1116 870 sancta
1126 823 1218 871 matre
1229 820 1353 873 eeclesia
1364 822 1497 874 iusdtuto
1511 825 1538 875 et

311 907 442 959 ordinato
460 903 622 968 insignitus,
639 901 812 952 ceremoniis
826 901 857 951 iu
874 901 970 951 missis
986 913 1054 952 sere
1072 903 1257 953 decantandis
1274 906 1304 954 et
1321 902 1455 969 legendis
1468 904 1538 956 salse

310 992 342 1042 et
351 989 416 1040 dcte
427 1000 509 1038 sacro
520 996 630 1037 canone
647 984 796 1033 dumtaxat
812 984 934 1046 excepto
951 983 1150 1034 fraudulenter
1167 983 1312 1042 adhibitis.
1329 987 1457 1047 mutare,
1468 985 1540 1038 cele·

306 1071 392 1122 lirare
403 1073 434 1121 et
446 1069 545 1134 legere
556 1064 742 1131 presumpsit,
754 1064 852 1114 divino
868 1064 1030 1115 ministerio
1042 1065 1186 1116 abutendo
1203 1065 1392 1117 christianum
1400 1068 1537 1134 populum

307 1156 337 1204 et
354 1152 481 1214 seipsum
498 1146 700 1199 damnabiliter
721 1144 901 1209 decipiendo,
919 1147 1091 1210 apostasiam
1113 1150 1142 1198 et
1163 1146 1336 1210 ydolatriam
1355 1149 1538 1209 incurrendo,

308 1232 495 1296 sacrilegium
503 1229 704 1294 perpetrando,
715 1226 836 1278 militiae
845 1227 989 1290 spirituali
999 1229 1029 1279 et
1038 1227 1210 1279 sacerdotali
1223 1230 1347 1294 turpiter
1355 1231 1541 1289 deusdonae.

308 1317 339 1367 ot
350 1312 420 1364 alias
433 1310 561 1377 graviter
578 1314 607 1360 et
618 1309 777 1360 enormiter
794 1309 872 1358 circa
888 1309 1060 1360 sacrificium
1078 1310 1205 1360 divinum
1217 1310 1319 1375 (procli
1331 1312 1416 1364 dolor
1422 1314 1442 1376 i)
1459 1325 1539 1365 exee-

311 1397 404 1448 dendo
415 1398 446 1448 et
457 1391 661 1455 delinquendo.

343 1477 388 1530 Ea
396 1478 514 1542 propter
525 1486 587 1530 nos,
599 1474 807 1523 communicato
818 1472 901 1522 nobis
912 1473 1147 1536 jurisperitorum
1160 1473 1291 1531 consilio,
1305 1474 1414 1526 Christi
1425 1477 1540 1527 nomine

310 1561 451 1617 invocato,
469 1557 598 1615 (1101111111,
615 1555 795 1607 decernimus
811 1557 842 1605 et
858 1553 1037 1605 declaramus
1054 1556 1232 1618 praedictum
1248 1555 1391 1607 Joanuem
1408 1556 1473 1608 Van
1490 1559 1540 1609 der

310 1641 579 1701 linere-tamqnam
598 1635 745 1700 palmitem
764 1636 986 1686 instructuosem
1010 1638 1038 1686 et
1060 1637 1191 1687 nocivum
1213 1638 1243 1688 in
1268 1636 1434 1702 hujusmodi
1458 1638 1541 1694 dctis.

309 1721 510 1787 praesumptis,
522 1718 665 1783 perversis
676 1721 705 1768 et
717 1718 891 1781 excogitatis
903 1717 1052 1767 sacrificiis
1070 1718 1182 1771 divinis.
1195 1720 1252 1769 imo
1265 1720 1361 1770 verius
1378 1719 1542 1785 prophana-

310 1804 445 1861 tionlbus
456 1801 606 1867 ydolatriis
624 1802 654 1850 et
669 1799 922 1862 superstitionibus
941 1799 1002 1849 Deo
1019 1800 1123 1864 dignos
1135 1801 1247 1850 tructus
1260 1802 1364 1852 afferre
1376 1816 1434 1852 non
1447 1801 1543 1853 valen·

311 1886 481 1947 tem,tulsse
492 1886 523 1936 et
538 1895 601 1934 esse
619 1884 778 1945 apostatam
796 1882 824 1931 et
842 1881 1028 1942 haereticum,
1042 1882 1234 1932 scismaticum
1254 1885 1284 1933 et
1301 1883 1390 1933 divini
1409 1884 1500 1935 officii
1516 1884 1546 1935 et

310 1966 497 2020 ecelesiastici
522 1979 555 2016 ac
578 1976 724 2014 sacrorum
747 1976 888 2020 vasorum,
911 1964 1048 2026 quantum
1072 1965 1102 2013 in
1127 1977 1161 2015 eo
1184 1965 1249 2023 luit,
1273 1965 1543 2023 comminatorem,

311 2048 460 2100 0111111101
471 2046 570 2111 populi
581 2045 729 2095 illusorem
747 2059 857 2095 necnon
876 2045 1065 2110 insigniorum
1084 2046 1243 2109 spiritualis
1260 2045 1382 2097 militiae
1395 2047 1543 2099 denanio-

310 2143 372 2183 rem
384 2130 557 2181 censendum
569 2141 632 2179 esse
644 2130 673 2178 et
685 2127 796 2178 censeri
809 2126 924 2178 debere.

343 2211 381 2264 Et
388 2212 542 2276 propterea
550 2210 671 2261 eundem
682 2208 699 2260 J
702 2221 823 2260 oannem
835 2210 901 2258 ante
910 2208 1082 2260 cimiterium
1092 2210 1169 2261 beati
1178 2209 1315 2261 Rumoldi
1325 2210 1543 2263 Mechliniensis

310 2293 470 2349 attendam
488 2294 554 2343 aute
571 2292 648 2343 iores
666 2290 786 2342 Sanctae
804 2289 932 2341 (ludulae
952 2290 1160 2351 Bruxeliensis,
1181 2305 1281 2343 mensa
1299 2293 1377 2357 prius
1395 2293 1431 2344 ad
1448 2293 1542 2345 instar

311 2366 410 2428 altaris
426 2373 527 2439 calice,
545 2383 629 2426 cereo
646 2375 696 2425 aut
713 2370 810 2438 ligneo
828 2373 857 2423 et
874 2371 948 2422 libro
962 2375 1062 2436 parata
1079 2377 1109 2424 et
1125 2387 1223 2424 coram
1234 2388 1265 2426 se
1277 2375 1380 2438 posita
1392 2375 1542 2439 capitique

312 2464 363 2510 edo
376 2470 440 2508 cum
451 2454 535 2506 titulo
547 2454 762 2518 circumscripto
776 2467 783 2502 :
802 2473 815 2493 ·
830 2455 884 2503 Hic
895 2452 985 2505 laicae
997 2461 1023 2506 et
1034 2451 1174 2520 biqomus.
1187 2453 1267 2507 nullo
1278 2453 1441 2508 ederaceae
1451 2471 1544 2508 socer

313 2534 403 2591 detali
413 2539 575 2604 iniqnitas,
588 2533 710 2602 officium
721 2535 822 2587 meroe
833 2534 906 2602 salse
917 2542 943 2587 et
959 2534 1022 2599 ficte
1039 2534 1180 2587 celebrare
1190 2538 1387 2604 praesumpsit,
1400 2560 1413 2582 υ
1426 2536 1544 2601 publice

311 2612 507 2673 inscalandum
519 2631 582 2671 esse
594 2620 624 2670 et
635 2618 671 2669 ad
683 2617 788 2669 scalam
800 2618 869 2681 poni
881 2617 997 2668 debere.

343 2703 494 2756 Caeterum
511 2702 579 2765 quia
596 2701 715 2766 dignum
731 2702 828 2757 estut
845 2699 1009 2763 huiusmodi
1021 2700 1137 2750 nefandi
1152 2701 1254 2766 flagitii
1266 2701 1405 2753 severitas
1416 2700 1545 2766 amplius

309 2785 480 2838 extendatur
488 2785 518 2835 et
526 2785 644 2848 propter
653 2783 853 2833 enormitatem
859 2780 956 2832 delicti
964 2782 1066 2831 modus
1074 2781 1175 2846 culpae
1184 2783 1424 2847 exuberet.saepe
1430 2783 1543 2835 dictum

309 2866 461 2924 domem,
479 2866 647 2930 apostatam,
666 2864 857 2913 scismaticum
878 2864 907 2914 et
924 2862 1099 2914 haereticum
1117 2864 1147 2914 in
1165 2877 1280 2915 carcere
1297 2863 1416 2926 includi,
1433 2865 1464 2915 in
1483 2879 1542 2928 quo

308 2948 402 3013 ipsum
413 2951 550 3011 perpetuo
562 2956 721 3004 remanere,
733 2956 829 3008 perse
842 2944 993 2995 commissa
1004 2945 1076 2996 inibi
1088 2944 1229 3004 dedendo,
1242 2959 1275 2996 ac
1293 2946 1323 2997 in
1340 2958 1414 3010 pane
1426 2944 1540 2998 doloris

309 3031 339 3081 et
361 3042 435 3092 aqna
455 3028 590 3079 tristitiae
610 3026 686 3079 vesci
706 3027 736 3078 et
757 3026 862 3077 nutriri
883 3026 997 3083 debere.
1019 3028 1111 3078 donec
1132 3029 1162 3078 et
1182 3041 1329 3091 quousque
1350 3042 1367 3079 a
1388 3027 1542 3092 praedicto

310 3111 468 3164 reverendo
486 3109 600 3161 domino
617 3109 751 3174 episcopo
773 3108 972 3160 cameracensi
992 3109 1219 3160 misericordiam
1240 3109 1379 3161 meruerit
1396 3109 1543 3173 obtinere,

309 3206 407 3244 secum
418 3192 447 3243 in
465 3191 520 3244 hac
530 3193 613 3256 parte
624 3191 671 3256 pie
682 3191 755 3256 jnris
764 3192 926 3254 temperare
938 3203 989 3242 seu
1001 3191 1135 3257 mitigare
1147 3191 1275 3257 rigorem
1286 3190 1424 3250 volentes,
1436 3193 1545 3256 poeni-

309 3275 428 3326 tentiam
452 3273 507 3324 sibi
527 3272 690 3338 hujusmodi
711 3273 913 3337 imponendam
936 3273 1068 3324 duximus
1092 3275 1121 3325 et
1140 3273 1327 3338 imponimus;
1348 3273 1482 3324 eumdem
1503 3275 1542 3324 ad

308 3356 399 3421 ipsam
411 3356 605 3422 peragendam
615 3355 846 3416 condemnantes,
861 3355 1072 3408 sententialiter
1083 3354 1249 3407 diffiniendo
1262 3355 1292 3405 in
1304 3354 1349 3405 his
1364 3355 1491 3418 scriptis.

571 3471 689 3522 Archiel
705 3484 758 3521 vau
771 3471 820 3521 hot
831 3471 1026 3522 Aartsbisdom
1046 3472 1073 3520 te
1086 3468 1243 3528 Mochelen‚
1257 3469 1309 3522 HS.
1323 3485 1376 3521 van
1389 3471 1540 3521 kanunnils

603 3553 632 3604 J.
650 3552 682 3604 F.
702 3553 841 3618 Foppeus‚
861 3551 1014 3604 Mechlinio
1032 3550 1138 3604 Christo
1155 3567 1271 3605 nascens
1288 3560 1312 3604 et
1334 3566 1467 3617 crescens,
1486 3552 1539 3602 lol.

607 3633 725 3685 lla-leo.

815 3832 896 3900 149
914 3822 1036 3916 (371⁵).

363 4029 563 4098 ornstreeic
583 4038 689 4109 1481,
712 4032 812 4099 Geel.
832 4030 1075 4112 Aanteekening
1091 4048 1154 4095 van
1171 4033 1231 4094 den
1248 4031 1424 4110 tijdgenoot
1441 4033 1542 4095 Moli-

311 4135 366 4194 net
383 4147 461 4194 over
477 4132 533 4194 het
557 4132 679 4210 geschil
695 4133 848 4194 iussohen
873 4133 912 4194 de
936 4130 1168 4209 predikheeren
1194 4147 1234 4191 en
1260 4130 1321 4192 den
1346 4130 1542 4208 magistraat

311 4230 498 4308 aangaande
513 4231 710 4310 zoogezogde
727 4229 857 4309 talrijke
873 4230 996 4292 ketters
1012 4231 1046 4292 in
1064 4231 1115 4292 die
1132 4229 1216 4291 stad.

341 4368 454 4422 Auleon
471 4370 562 4433 temps
579 4371 716 4433 pararant
733 4367 776 4436 [ce
792 4369 919 4435 premier
935 4382 1011 4420 mars
1032 4366 1120 4431 11831,
1139 4368 1257 4419 environ
1276 4379 1311 4417 an
1330 4367 1360 4418 et
1377 4365 1463 4423 demi.
1483 4379 1543 4420 une

309 4450 441 4516 question
450 4450 559 4503 s’estoit
570 4453 665 4505 mente
674 4452 755 4504 entre
764 4450 807 4503 les
817 4451 836 4502 J
838 4451 953 4503 acobins
965 4452 1001 4504 de
1013 4451 1093 4504 (land
1104 4453 1134 4501 et
1144 4463 1217 4502 ceux
1229 4450 1265 4503 de
1277 4449 1365 4501 indite
1377 4448 1454 4510 ville,
1465 4464 1541 4514 pour

308 4546 342 4589 es
359 4546 415 4600 que
431 4531 532 4588 lesdlts
547 4531 683 4585 Jacobins
700 4533 814 4587 avolent
825 4533 868 4585 dit
883 4546 920 4586 on
937 4533 1015 4586 leurs
1032 4546 1160 4586 sermons
1178 4531 1246 4594 qu‘il
1264 4546 1281 4598 y
1300 4531 1376 4583 avoit
1392 4530 1540 4597 plusieurs
