3210 5386
288 562 335 614 146
805 560 910 614 ANNO
928 561 993 612 14⁸7

285 728 363 780 tione
374 726 516 792 repellere
528 726 583 776 nisi
595 727 670 784 sunt,
684 727 821 789 quantum
832 725 919 779 etism
931 727 960 778 in
974 727 1174 780 exterminium
1186 727 1390 780 maleficarum
1407 728 1506 780 debitos

284 811 384 863 modos
395 809 586 862 sententiandi
595 810 625 862 et
633 809 747 863 easdem
758 809 905 874 puniendi,
915 808 996 862 iuxta
1007 809 1082 862 dicte
1094 809 1171 863 bulle
1184 813 1318 864 tenorem
1326 813 1359 865 et
1370 825 1503 864 merorum

286 907 426 945 canonum
437 893 577 951 instituta,
587 892 763 945 laborarunt.
769 892 808 944 At
815 892 949 956 quoniam
960 907 1115 946 consonum
1123 895 1337 959 racioniestut
1345 908 1449 959 ea,que
1458 908 1502 959 pro
1587 904 1598 915 ³

287 975 429 1027 communi
447 973 570 1027 utilitate
587 975 668 1034 fiunt,
680 975 766 1027 etiam
783 976 926 1028 communi
943 977 1151 1042 approbacioue
1169 977 1319 1030 doctorum
1330 977 1499 1034 roboreum.
1593 993 1605 1010 ¹

287 1057 363 1123 ideo,
382 1071 417 1109 ne
434 1058 540 1123 prefati
556 1057 683 1109 rectores
700 1056 800 1108 discoli
818 1061 848 1110 ot
864 1058 1058 1123 predicatores
1075 1073 1220 1111 sacrarum
1236 1059 1403 1112 litterarum
1418 1059 1497 1127 ignrn
1598 1073 1605 1076 ‘⁴

288 1141 464 1198 estimarent.
488 1139 647 1205 predictum
667 1141 827 1199 tractatum,
846 1141 886 1191 sic
906 1143 938 1193 ut
957 1142 1132 1206 premittitur
1151 1141 1314 1200 collectum,
1326 1143 1421 1194 minus
1438 1143 1496 1194 bene
1557 1150 1572 1163 ·

286 1224 434 1276 doctorum
446 1222 730 1276 determinationibus
741 1225 771 1275 et
787 1224 936 1274 sententiis
948 1223 1088 1290 fulcitum,
1100 1226 1222 1277 eundem
1239 1224 1315 1278 alme
1332 1225 1493 1277 universitati
1551 1236 1572 1291 ‘3-

286 1305 450 1359 Goloniensi
467 1319 517 1359 seu
534 1304 679 1357 nonnullis
697 1306 802 1357 ibidem
820 1320 900 1357 sacre
917 1307 1021 1372 pagine
1033 1309 1242 1371 professoribus
1254 1308 1290 1359 ad
1303 1308 1492 1361 discutiendum
1549 1296 1570 1332 ἶ

287 1391 317 1442 et
326 1387 571 1441 collacionandum
580 1388 755 1448 obtulerunt,
765 1391 806 1447 ut,
819 1390 843 1440 si
856 1403 912 1453 qua
923 1389 1162 1455 reprehensibilia
1172 1394 1202 1443 et
1213 1390 1381 1444 acatholica
1391 1392 1489 1444 veritate
1548 1384 1572 1412 '²
1588 1392 1604 1411 ¹

287 1472 402 1523 dissum
420 1472 617 1536 reperirentur
638 1485 737 1524 eorum
758 1472 851 1523 iudice
873 1472 914 1523 sic
941 1474 1144 1533 refutarentur,
1164 1474 1240 1538 quod
1268 1475 1365 1526 nmen
1387 1487 1489 1525 consona
1552 1464 1574 1507 ²·
1591 1474 1605 1493 ¹

286 1553 426 1607 cotnouoo
438 1554 551 1606 veritati
562 1555 796 1619 approbarentur.
807 1555 888 1615 ouon
901 1556 930 1607 et
941 1556 1109 1621 subscriptis
1120 1557 1211 1607 mous
1222 1558 1330 1609 tntum
1340 1558 1406 1609 ruit.
1554 1546 1604 1563 ²*

319 1637 474 1702 Inprimis,
495 1637 629 1704 egregius
650 1637 779 1689 dominus
800 1637 968 1689 humbertus
989 1638 1024 1689 de
1048 1637 1144 1691 Monte
1163 1652 1247 1691 manu
1267 1653 1321 1690 rua
1341 1639 1449 1705 propria
1465 1652 1486 1689 se

287 1720 464 1785 subscripsit,
487 1721 573 1784 prout
593 1719 741 1784 sequitur:
767 1741 780 1761 ·
793 1720 866 1786 Ego.
890 1720 1058 1773 Lambertus
1081 1722 1115 1773 de
1139 1721 1246 1781 Monte,
1263 1735 1345 1775 sacre
1366 1721 1485 1787 theologie

288 1801 404 1855 humilis
432 1803 586 1866 professor,
608 1803 730 1854 decanus
756 1815 808 1867 pro
832 1804 961 1868 tempore
987 1802 1131 1855 facultatis
1154 1817 1234 1856 sacre
1256 1805 1362 1872 pagine
1383 1804 1485 1858 siurim
1600 1817 1605 1820 ·

288 1885 375 1936 studii
385 1883 573 1943 coloniensis,
586 1885 679 1937 fateor
690 1884 744 1938 hac
754 1900 840 1937 manu
858 1898 922 1937 mea
932 1887 1057 1952 propria,
1069 1887 1155 1939 istum
1166 1888 1320 1939 tractatum
1337 1887 1484 1953 tripartitum
1595 1905 1601 1909 ’

288 1980 340 2032 per
350 1981 396 2020 me
409 1966 560 2019 lustratum
571 1968 601 2019 et
619 1967 772 2033 diligenter
784 1967 997 2020 collationatum
1015 1970 1108 2033 quoad
1124 1971 1187 2022 eius
1203 1973 1301 2036 partes
1317 1971 1386 2022 duas
1401 1969 1484 2036 prins

288 2048 377 2100 nichil
388 2049 545 2108 continere,
558 2048 653 2101 saltim
671 2063 734 2102 meo
751 2049 853 2101 humili
870 2051 985 2114 iudicio,
998 2051 1073 2115 quod
1090 2052 1128 2103 sit
1138 2053 1324 2115 scunarium,
1337 2055 1386 2106 aut
1395 2053 1483 2105 seuten-
1561 2041 1583 2059 '²

289 2132 337 2183 tiis
355 2146 411 2182 non
428 2132 586 2183 errantium
602 2132 846 2198 philosophorum,
865 2136 914 2185 aut
930 2136 1030 2185 contra
1045 2135 1196 2188 veritatem
1211 2137 1309 2188 sancte
1325 2135 1453 2188 catholice
1464 2132 1485 2183 et
1563 2134 1569 2146 ⁶

290 2214 445 2280 apostolice
456 2214 533 2272 fidei,
546 2217 596 2266 aut
606 2216 706 2267 contra
718 2217 865 2267 doctorum
877 2217 1127 2269 determinationes
1140 2219 1266 2270 assueta
1277 2218 1397 2272 ecclesia
1406 2229 1484 2284 appro·
1554 2230 1563 2281 ¹.
1577 2226 1598 2236 ’

290 2298 420 2349 batorum
432 2299 482 2349 aut
496 2297 699 2362 admissorum
718 2299 808 2350 tercia
818 2299 904 2351 etiam
915 2312 982 2363 pars
994 2299 1091 2364 utique
1103 2301 1270 2353 sustinenda
1284 2303 1315 2354 et
1331 2297 1486 2368 approbanda
1556 2292 1562 2319 ⁴
1596 2300 1605 2320 ¹

290 2378 355 2447 [est]
373 2379 467 2443 quoad
483 2378 599 2431 illorum
619 2379 810 2432 hereticorum
829 2382 1006 2446 puniciones,
1023 2382 1058 2434 de
1078 2382 1180 2446 quibus
1200 2383 1314 2447 tractat,
1329 2385 1360 2436 in
1376 2383 1485 2450 quartum
1589 2382 1605 2401 ‘¹

290 2463 379 2515 sacris
390 2462 546 2514 canonibus
558 2476 614 2514 non
632 2464 782 2529 repugnat.
795 2463 903 2515 lterum
922 2466 1039 2529 propter
1058 2464 1255 2530 experimenta
1271 2467 1302 2519 in
1318 2467 1374 2519 hoc
1388 2463 1485 2520 uach
1550 2452 1573 2473 ’”

290 2547 414 2604 narrata
434 2558 489 2609 que
513 2546 611 2609 utique
633 2546 751 2611 propter
771 2548 875 2598 famam
895 2548 1037 2598 tantorum
1056 2547 1184 2600 virorum
1204 2550 1405 2616 precipuorum
1421 2546 1486 2602 eum
1558 2540 1605 2559 ¹¹

289 2629 489 2694 inquisitorum
501 2629 657 2680 creduntur
668 2641 731 2680 esse
743 2641 819 2687 vera,
832 2628 1035 2682 consulendum
1047 2631 1141 2684 umen
1150 2631 1274 2695 videtur,
1286 2634 1363 2697 quod
1372 2633 1424 2686 iste
1433 2631 1485 2682 trac·
1555 2614 1605 2638 ”

289 2713 365 2765 tatus
382 2712 473 2763 doctis
490 2712 520 2763 et
535 2711 605 2761 viris
618 2710 729 2772 zelosis,
743 2712 791 2776 qui
807 2725 841 2764 ex
859 2725 893 2764 eo
905 2726 982 2771 sana,
994 2713 1074 2765 varia
1084 2715 1114 2765 et
1123 2715 1237 2766 matura
1245 2714 1406 2770 consiliam
1416 2713 1488 2769 exter
1549 2765 1566 2801 ff

290 2794 408 2846 minium
424 2793 617 2846 maleficarum
634 2796 766 2845 conferre
782 2797 910 2858 possunt,
928 2796 1162 2861 communicetur,
1180 2795 1264 2849 simul
1281 2800 1312 2850 et
1327 2798 1490 2852 ecclesium
1552 2789 1588 2874 ζ

290 2876 449 2928 rectoribus
459 2877 600 2928 timoratis
611 2880 641 2927 et
651 2877 866 2928 conscientiosis
876 2877 1022 2936 duntaxat,
1032 2879 1067 2930 ad
1079 2893 1200 2942 quorum
1211 2881 1370 2934 dochinsm
1384 2877 1494 2933 subditi·
1558 2933 1567 2943 Ἰ
1581 2932 1605 2951 υ

290 2972 353 3010 rum
364 2960 451 3010 corda
462 2959 490 3009 in
502 2959 599 3010 odium
607 2960 665 3009 tam
674 2959 810 3023 pestifere
821 2958 931 3011 heresis
943 2960 1056 3012 incitari
1073 2962 1217 3025 poterunt,
1228 2964 1263 3015 ad
1273 2963 1413 3017 cautelam
1424 2964 1497 3015 bessii·
1566 3014 1568 3016 .
1575 3018 1590 3030 f

289 3054 353 3091 rum
369 3041 478 3105 pariter
495 3043 524 3092 et
540 3039 680 3092 malorum
697 3041 972 3094 inexcusabilitatem
990 3045 1075 3107 atque
1091 3044 1284 3108 punicionem‚
1296 3049 1330 3097 ut
1345 3047 1387 3098 sic
1403 3031 1503 3098 miseri·
1567 3073 1581 3120 ᾗ

289 3123 388 3175 cordia
403 3124 433 3174 in
451 3122 532 3174 bonis
549 3124 579 3175 et
596 3123 706 3175 iustitia
722 3123 752 3174 in
768 3121 851 3175 malis
869 3123 932 3177 luce
949 3125 1055 3177 clarius
1070 3130 1176 3192 pateat,
1194 3129 1224 3180 et
1240 3128 1271 3180 in
1289 3129 1419 3182 omnibus
1435 3123 1508 3181 ⁰⁶⁰⁵

289 3209 496 3276 magnificetur,
510 3209 572 3274 ipso
588 3211 743 3274 prestante,
756 3210 802 3261 cui
819 3209 881 3262 laus
893 3211 924 3263 et
934 3210 1037 3277 gloria.
1051 3234 1064 3257 s
1083 3213 1192 3265 Deinde
1205 3214 1241 3265 ad
1252 3214 1329 3267 idem
1341 3195 1513 3268 venerabis1⁸

288 3290 425 3358 magister
444 3292 567 3344 Jacobus
580 3291 615 3342 de
638 3290 750 3344 Stralen
771 3293 857 3344 etiam
869 3293 986 3359 propria
996 3307 1082 3346 manu
1093 3309 1146 3348 sua
1161 3309 1193 3348 ae
1205 3297 1374 3364 subscripsit
1390 3298 1421 3350 in
1437 3287 1519 3349 hu¹¹⁰
1590 3311 1601 3358 t,

290 3374 425 3425 modum:
445 3393 458 3416 u
471 3374 543 3441 Ego,
554 3374 678 3427 lacobus
691 3375 727 3427 de
744 3374 866 3435 Stralen,
879 3390 960 3428 sacre
980 3376 1125 3444 theologie
1136 3379 1283 3444 professor
1293 3380 1438 3446 minimus,
1448 3354 1526 3446 ι>0ει
1597 3389 1602 3421 t

291 3456 485 3509 visitacionem
503 3457 640 3509 tractatus
657 3458 806 3509 memorati
823 3459 915 3510 sentio
932 3460 1109 3512 confirmiter
1124 3474 1177 3526 per
1194 3462 1291 3514 omnia
1306 3462 1373 3529 hiis,
1390 3477 1446 3528 que
1461 3447 1531 3529 με

291 3538 483 3593 venerabilem
500 3539 668 3606 magistrum
687 3541 815 3592 nostrum
832 3541 1013 3594 lambertum
1026 3543 1061 3595 de
1072 3542 1179 3604 lfonte,
1192 3545 1330 3597 decanum
1341 3560 1423 3600 sacre
1435 3533 1538 3599 tho‘l

291 3621 378 3688 logie.
399 3623 530 3686 superius
550 3623 685 3674 annotata
704 3625 781 3687 sunt,
799 3625 874 3686 quod
894 3625 1013 3676 attestor
1032 3625 1086 3677 hac
1104 3626 1248 3691 scriptura
1265 3641 1367 3680 manus
1386 3643 1461 3690 mee,
1488 3595 1546 3669 βά

291 3704 345 3756 Dei
361 3703 483 3757 laudem.
503 3728 516 3750 o
530 3705 730 3757 Pariformiter
746 3705 1022 3774 eximius-magister
1036 3708 1165 3761 Andreas
1183 3709 1218 3761 de
1238 3709 1414 3764 Ochsenfurt
1428 3691 1555 3766 affl

290 3788 407 3852 propria
416 3800 501 3839 mauu
515 3801 546 3840 se
555 3788 723 3854 subscripsit
734 3788 766 3839 ut
776 3788 853 3840 infra
865 3801 872 3839 ε
886 3809 899 3832 u
911 3789 1103 3844 conformiter
1111 3791 1208 3850 michi.
1218 3791 1332 3846 Andree
1343 3794 1380 3847 de
1391 3775 1562 3854 Ochae)

290 3870 359 3928 tort,
378 3883 458 3922 oaooe
478 3869 624 3937 theologie
643 3872 800 3936 professori
822 3872 985 3932 novissimo.
1008 3873 1122 3926 vinonio
1143 3875 1317 3927 maeldum
1338 3876 1376 3930 uo
1394 3851 1570 3931 matos*

293 3951 381 4005 oblati
398 3954 545 4014 mactatus,
558 3955 694 4019 quantum
711 3955 804 4021 prima
819 3956 893 4008 facie
910 3957 1051 4021 apparuit.
1069 3957 1145 4022 quod
1163 3959 1310 4010 contestor
1328 3972 1432 4013 manus
1453 3931 1577 4013 mle

292 4035 435 4101 scriptura
444 4036 480 4088 ad
491 4037 577 4089 tinem
588 4038 618 4089 in
630 4038 731 4090 eodem
743 4052 909 4104 expressum
920 4041 1151 4104 promovendum.
1166 4063 1179 4086 o
1192 4040 1408 4107 consequenter
1423 4045 1518 4097 aute?
1533 4013 1584 4065 βω

292 4119 427 4185 egregius
438 4120 575 4186 magister
586 4119 711 4172 Thomas
723 4121 758 4172 de
770 4119 865 4172 soona
875 4121 1007 4173 similiter
1024 4136 1055 4174 se
1072 4123 1189 4189 propria
1204 4137 1290 4176 manu
1306 4139 1360 4178 sua
1375 4099 1593 4213 subochai,

291 4202 338 4260 sit,
356 4205 442 4266 prout
458 4203 608 4267 sequiturt
627 4223 641 4246 ι
655 4203 726 4269 Ego,
745 4203 869 4256 Thomas
886 4204 921 4256 de
939 4204 1043 4265 Scotia,
1061 4219 1141 4258 sacre
1158 4205 1304 4273 theologie
1322 4208 1434 4274 doctor,
1448 4179 1584 4263 licfdss

290 4285 459 4346 immeritus,
482 4286 669 4339 conformiter
692 4287 785 4339 sentio
809 4299 862 4352 per
884 4288 979 4340 omnia
1000 4289 1210 4341 venerabilibus
1233 4291 1382 4357 magistris
1410 4307 1462 4346 nos
1486 4328 1508 4342 κ

291 4367 509 4432 precedentibus
524 4369 553 4419 in
574 4370 694 4422 materia
710 4370 814 4436 prefati
832 4371 968 4423 tractatus
985 4385 1037 4436 per
1054 4386 1099 4424 me
1116 4371 1279 4435 examinati,
1298 4375 1376 4438 quod
1396 4341 1597 4428 attestd³r

293 4463 379 4500 manu
389 4451 508 4515 propria
517 4466 590 4504 mea.
605 4475 619 4498 ι

327 4531 539 4598 Subsequenter
549 4537 579 4587 et
589 4536 714 4587 secunda
730 4537 901 4602 subscriptio
918 4539 1018 4589 eontra
1033 4540 1160 4602 prefatos
1177 4539 1373 4603 predicatores
1387 4510 1599 4593 incautffl⁰⁵

295 4616 338 4668 sic
348 4616 412 4669 acts
421 4616 486 4669 fuit.
498 4617 532 4669 In
543 4618 653 4684 primis,
664 4620 751 4685 positi
761 4620 879 4672 fuerunt
889 4619 1012 4680 articuli,
1022 4622 1108 4686 prout
1122 4621 1268 4685 sequitur:
