3164 5386
269 3987 305 4049 (1)
328 3985 399 4047 Tuit,
412 3983 497 4037 elien.

704 472 809 527 ANNO
829 474 969 526 1349-1350

555 753 604 812 Or,
622 755 715 813 avent,
733 755 814 807 entre
833 768 904 806 nous
920 756 1022 820 tuit(l)
1039 756 1126 815 irene.

552 837 658 888 Batons
677 851 727 887 nos
745 836 936 903 cheroingnee
953 838 1019 890 bien
1036 840 1105 901 tort,

554 919 597 970 En
615 919 807 971 remembrant
823 917 851 970 ln
868 922 954 985 grant
970 922 1074 973 misere

554 1003 596 1054 De
614 1002 687 1053 Dieu
704 1008 734 1053 et
751 1015 783 1052 sn
798 1003 910 1066 pitense
928 1006 1012 1062 mort,

555 1084 610 1143 Qui
626 1085 671 1134 tut
687 1084 767 1148 prins
784 1072 824 1136 'de
837 1082 865 1135 la
881 1089 951 1150 gent
968 1087 1072 1146 emere,

552 1167 590 1219 Et
607 1166 713 1218 vendus
731 1170 760 1218 et
777 1167 868 1217 trahis
885 1169 902 1218 i
919 1171 987 1230 tort,

556 1249 593 1300 Et
609 1249 689 1300 battu
707 1263 739 1300 sa
756 1248 825 1301 cher
842 1251 940 1315 vierge
958 1254 987 1302 et
1003 1250 1079 1303 olere
1097 1266 1104 1302 ε

555 1331 598 1385 Ou
616 1345 682 1382 nom
700 1332 735 1382 de
752 1345 795 1390 oe,
814 1333 914 1383 botone
931 1333 995 1397 plue
1012 1334 1079 1384 tort.

825 1460 856 1513 3.

556 1576 580 1629 Ο
599 1574 699 1634 Maria,
717 1575 816 1642 vierge
833 1589 934 1640 royne,

558 1658 580 1710 O
599 1656 703 1722 temple
721 1659 756 1709 de
773 1658 919 1724 virginite,

558 1740 581 1794 O
599 1739 743 1807 glorieuee
760 1740 830 1791 cher
847 1741 951 1804 divine,

556 1824 675 1888 Depriez
692 1837 765 1888 pour
781 1823 948 1875 orestiente!

555 1905 657 1958 Vostre
675 1904 720 1956 fliz
738 1919 809 1956 nous
827 1918 844 1955 a
860 1907 973 1957 mentre
990 1904 1018 1957 le
1036 1906 1118 1972 signe

556 1988 598 2039 De
615 1988 703 2044 croix,
723 2001 775 2052 per
792 1986 955 2039 mortalite:

554 2069 752 2135 Rnpnisiezie.
771 2070 852 2122 deme
871 2069 1003 2135 engeline
1013 2071 1061 2135 (2),

554 2152 591 2204 Et
606 2166 710 2218 prenez
727 2153 810 2205 notre
827 2166 955 2217 penanoe
972 2167 1007 2204 en
1026 2154 1088 2218 gre.

829 2282 860 2332 4.

559 2395 581 2447 Ο
601 2409 651 2460 roy
670 2395 720 2446 des
736 2408 813 2461 mys,
832 2395 901 2446 char
918 2397 1073 2460 preoieuse,

559 2477 652 2528 Dieux
669 2478 768 2536 Pereo,
787 2477 856 2542 Filo,
875 2478 951 2528 seins
969 2478 1095 2542 Esperis.

560 2555 661 2606 vostre
678 2555 840 2607 sainotisme
857 2555 926 2607 char
943 2555 1086 2621 giorieuse

558 2637 615 2689 rut
630 2639 741 2702 pendue
759 2651 795 2689 en
811 2639 891 2690 croix
908 2651 961 2703 per
976 2638 1067 2701 Juiis3

558 2719 595 2772 Et
612 2720 640 2771 li
651 2722 694 2771 iut
710 2721 786 2786 griei
795 2719 832 2787 (3)
850 2723 879 2772 et
896 2720 1076 2781 douloreuee,

560 2802 615 2853 Car
631 2803 668 2853 du
685 2804 761 2854 seint
778 2817 846 2854 seno
862 2803 960 2855 beneio

558 2886 614 2938 Fut
630 2884 658 2936 la
675 2885 754 2937 croix
771 2884 917 2937 vermeille
935 2888 964 2938 et
981 2883 1119 2938 hideuee:

560 2968 653 3019 Loons
671 2967 755 3030 nien,
768 2970 797 3019 et
813 2969 914 3019 botone
932 2982 984 3018 noz
1001 2968 1101 3033 pie(t).

829 3097 860 3149 5.

561 3213 607 3272 Et,
625 3226 661 3265 en
678 3212 708 3264 ia
724 3211 824 3264 douloe
841 3212 1055 3265 remembranoe

560 3295 602 3346 De
620 3310 652 3347 ee
670 3308 724 3359 que
741 3298 772 3346 tu
789 3297 853 3347 iens
870 3296 1017 3356 abeuvrer,

561 3380 637 3430 Aveo
654 3376 681 3430 le
698 3391 805 3429 orueux
822 3392 873 3441 oop
891 3378 926 3429 de
944 3377 972 3429 ia
990 3378 1080 3443 lance,

561 3459 659 3512 D’aiii
669 3461 716 3523 (5),
735 3460 797 3524 ο(6)
815 3458 863 3511 ssei
880 3462 925 3511 tut
941 3461 1173 3528 destrampersi),

560 3542 649 3595 Alone
666 3543 683 3594 t
699 3542 824 3609 genoulx
841 3556 893 3606 par
910 3557 1046 3606 penanoe,

561 3625 655 3677 Loons
672 3625 755 3684 Dion,
773 3637 821 3675 vos
838 3624 904 3676 brae
921 3626 1063 3685 eetandez,

560 3707 605 3768 Et,
624 3720 660 3759 en
677 3705 796 3758 l'emour
813 3707 848 3759 de
865 3721 898 3758 ee
914 3709 1083 3765 souffrnnee.

560 3789 671 3841 Cheons
687 3791 733 3855 jue
742 3787 780 3855 (8)
798 3802 833 3841 en
851 3789 930 3841 croix
949 3791 966 3840 t
982 3792 1047 3841 tous
1064 3790 1106 3843 lez
1116 3791 1162 3857 (9).

268 4065 304 4127 (2)
322 4063 411 4116 Deme
422 4063 557 4128 ennelino,
571 4077 668 4115 vrouw
680 4062 805 4128 engelin.

268 4142 305 4203 (3)
324 4139 414 4210 Grief,
427 4139 563 4207 ellendig.

268 4220 304 4283 (4)
322 4219 383 4278 Pis,
397 4220 486 4270 horst.

270 4299 307 4361 (5)
324 4297 406 4359 Anti,
420 4298 502 4361 ezijn.

268 4375 304 4439 (6)
323 4375 353 4434 0.
367 4375 483 4426 waerin.

269 4453 305 4516 (Ἰ)
322 4452 511 4520 Destrampez‚
525 4456 676 4520 gomengd.

270 4530 306 4596 (8)
325 4529 652 4598 cneonsjus‚va11enw1j
666 4534 763 4584 neder.

271 4609 307 4674 (91
315 4608 348 4668 Α
360 4616 421 4663 tous
432 4608 484 4672 ter,
498 4611 527 4662 te
539 4609 612 4663 allen
625 4611 703 4661 kent.
