3164 5386
649 484 754 538 ANNO
777 483 843 534 1460
1327 482 1361 532 99

153 648 213 695 rout
230 647 272 696 eis
290 646 421 712 suggerit
438 646 551 704 demon,
565 647 614 696 aut
625 645 864 698 comminaciones
883 647 1071 710 susceperunt
1082 646 1117 696 ab
1130 646 1302 702 hominibus,
1316 645 1361 696 vel

153 806 359 874 tpromissione
372 810 407 861 de
419 811 562 861 iuvamine
574 810 609 859 ad
622 809 825 860 liberacionem
839 823 855 860 a
869 811 975 872 morte;
990 811 1092 874 putant
1104 810 1193 860 eciam
1206 811 1235 859 et
1246 812 1364 872 sperant

153 884 221 940 dhuc
239 891 345 942 debere
363 892 487 942 cumeis
505 891 669 941 conversari
688 892 717 941 in
736 891 841 942 mundo
860 893 889 942 et
906 891 1002 942 redire
1019 893 1136 955 sperant
1152 891 1187 941 ad
1206 904 1364 955 congrega·

153 964 250 1030 ionem,
263 975 293 1023 et
304 974 345 1024 ita
357 973 458 1024 timent
471 973 621 1023 demonem
632 974 662 1024 et
674 972 818 1035 homines3
838 973 1002 1023 alliciuntur
1019 973 1109 1024 eciam
1127 975 1244 1035 propter
1262 971 1362 1036 imple·

153 1047 240 1104 tionem
254 1055 472 1112 desideriorum,
482 1055 631 1111 etc.‚secte
641 1053 692 1104 illi.
706 1054 777 1104 Tum
787 1055 1063 1117 secundo,quoniam
1072 1054 1174 1104 demon
1186 1067 1235 1104 eos
1244 1053 1364 1116 impedit

153 1142 263 1186 accusare
281 1136 365 1186 modo
383 1150 519 1199 expresso
537 1149 624 1200 supra
640 1136 670 1185 in
689 1135 809 1186 articulo
828 1136 992 1186 immediate
1010 1135 1187 1199 precedenti,
1208 1149 1242 1185 ne
1263 1136 1364 1198 perdat

153 1217 246 1272 ›redam
254 1231 348 1279 suam3
362 1220 391 1268 et
401 1216 587 1282 singulariter
597 1218 717 1280 impedit
727 1230 861 1268 accusare
873 1218 1006 1274 maiores,
1018 1217 1106 1279 quiin
1117 1217 1272 1267 maioribus
1281 1216 1363 1266 mulis

153 1293 324 1361 ›bsequuntur
341 1299 405 1349 sibi.
426 1299 574 1355 Preterea,
593 1312 629 1350 ex
653 1299 709 1348 biis
732 1299 1023 1355 consideracionibus,
1043 1298 1242 1349 accusacioues
1263 1301 1364 1349 contra

153 1380 251 1432 naiores
262 1382 330 1431 sunt
342 1381 575 1432 vehemenciorcs
587 1383 617 1431 et
628 1381 745 1431 maioris
764 1381 882 1445 vigoris,
896 1395 980 1444 quam
998 1380 1099 1431 contra
1118 1380 1253 1438 minores,
1267 1394 1363 1442 quam·

153 1460 180 1516 is,
188 1476 224 1512 ex
233 1464 313 1526 parte
323 1462 578 1527 alia,ponderande
586 1463 820 1513 sintaiudicibus
828 1462 919 1527 magis
928 1475 1049 1525 persone
1058 1462 1360 1526 insignesetmaiores,

153 1555 217 1593 nam
227 1545 323 1594 intime
335 1546 364 1594 et
376 1544 456 1594 viles.
470 1545 570 1606 Neque
583 1544 702 1594 multum
715 1545 796 1595 curat
805 1545 918 1603 demon,
930 1545 953 1593 si
967 1544 1126 1593 moriantur
1136 1542 1303 1603 valdenses,
1314 1545 1362 1606 qui

153 1627 253 1677 insessi
270 1628 337 1677 sunt
349 1639 446 1676 casum
463 1640 556 1687 suum,
570 1639 663 1690 ymmo
682 1627 781 1690 pocius
795 1627 912 1690 exoptat
929 1624 1053 1676 celerem
1071 1627 1192 1675 mortem
1210 1637 1320 1685 eorum,
1332 1628 1364 1676 ut

153 1706 237 1758 theat
248 1709 370 1770 animam
388 1708 438 1758 sed
451 1708 570 1770 impedit
584 1722 618 1758 ex
631 1709 755 1758 maxima
768 1706 935 1766 subtilitate,
949 1706 1062 1757 malicia
1074 1707 1104 1756 et
1115 1707 1266 1770 potestate,
1280 1720 1364 1769 quam

153 1787 221 1839 ibet
236 1790 264 1839 in
277 1803 336 1846 eos,
350 1803 386 1840 ne
405 1792 548 1842 accusent,
562 1789 617 1839 nisi
630 1789 822 1839 incarceratos
840 1790 889 1839 aut
906 1802 1011 1852 paucos
1029 1786 1101 1838 alios
1119 1788 1153 1837 de
1173 1801 1225 1837 sua
1241 1790 1320 1838 secta
1337 1790 1366 1837 et

155 1870 221 1920 rte.
235 1871 290 1921 Pro
308 1869 488 1923 resolucione
507 1884 577 1935 ergo
596 1870 702 1921 babent
714 1871 843 1921 homines
856 1871 958 1935 pratici
971 1870 1038 1920 boni
1050 1868 1102 1919 zeli
1116 1872 1144 1919 ct
1157 1869 1254 1919 iudicii
1270 1870 1298 1919 in
1313 1870 1365 1920 hac

153 1951 275 2015 ngulari
287 1953 408 2003 materia
419 1966 454 2002 ex
468 1965 525 2001 una
541 1952 603 2002 sola
620 1953 815 2009 accusacicnc,
830 1953 925 2003 debite
936 1951 1223 2002 circumstancionata
1234 1954 1265 2001 ut
1274 1953 1363 2015 prius,

153 2045 324 2094 lcarcerare,
335 2034 527 2097 questionarc,
539 2037 604 2090 etc,
617 2034 740 2085 maxime
750 2034 820 2083 viles
831 2035 859 2084 ct
869 2034 981 2083 intimas
993 2046 1139 2096 personas,
1152 2047 1243 2094 neque
1256 2034 1363 2096 reperi·

153 2125 189 2171 ir,
208 2115 353 2174 utdicunt,
367 2116 504 2166 detectus.
518 2115 709 2178 Experiencia
722 2115 820 2166 habita
832 2117 875 2166 cst
886 2115 987 2178 diebus
996 2114 1060 2164 istis
1072 2115 1100 2164 in
1114 2113 1177 2163 loco
1189 2115 1316 2178 presenti
1329 2116 1364 2165 dc

153 2196 277 2252 eniseta,
284 2211 338 2260 que
348 2197 461 2247 unicam
471 2198 683 2247 accusacionem
693 2197 825 2254 habebat,
832 2197 867 2247 dc
877 2197 989 2257 abbate,
1000 2197 1035 2247 do
1044 2195 1143 2247 Coleta
1152 2196 1187 2247 de
1196 2195 1222 2246 le
1233 2197 1362 2259 Sirebee,

153 2291 168 2326 e
180 2274 301 2329 Ieremia
313 2277 503 2343 d'lluvergne,
518 2279 553 2329 do
566 2277 667 2329 Belota
680 2278 853 2329 Moucharde
865 2281 894 2329 et
906 2279 941 2329 de
953 2276 1096 2341 aliquibus
1109 2276 1182 2328 aliis.
1197 2277 1233 2328 Et
1249 2292 1361 2341 semper

154 2359 337 2431 ansideranda
354 2364 399 2411 cst
419 2359 604 2425 singularitas
625 2361 708 2411 istius
727 2375 819 2419 casus,
839 2361 887 2410 ubi
910 2359 964 2411 soli
984 2358 1138 2423 complices
1158 2362 1277 2423 possunt
1298 2374 1361 2411 esse

153 2439 222 2490 estes
238 2457 286 2493 seu
304 2444 484 2492 accusatores
501 2444 620 2506 proptor
637 2442 860 2493 occultacionem
873 2442 917 2493 rei
929 2442 1021 2498 istius,
1036 2455 1091 2504 quc
1103 2442 1296 2494 secretissima
1307 2446 1361 2493 est.

153 2519 346 2574 Observandum
364 2523 455 2574 eciam
473 2526 517 2574 est
533 2523 697 2589 vigilanter,
711 2524 777 2573 dum
791 2523 946 2574 valdenses
958 2538 988 2574 se
1003 2527 1033 2574 et
1044 2522 1116 2573 alios
1127 2525 1270 2580 accusant,
1284 2526 1359 2586 quod

153 2603 231 2654 omnia
240 2606 408 2670 redigantur
421 2605 450 2654 in
464 2605 588 2667 scriptis,
602 2605 753 2669 presertim
767 2618 865 2655 omnes
877 2618 1000 2669 persone
1012 2607 1143 2655 accusate
1160 2618 1223 2654 cum
1241 2605 1361 2655 circum·
1415 2668 1417 2671 .

153 2681 249 2736 stanciis
261 2689 290 2737 et
302 2687 416 2736 indiciis
429 2686 575 2736 ambarum
588 2686 714 2750 parcium
727 2686 829 2750 copule
839 2689 957 2750 propter
965 2686 1195 2736 convenienciam
1205 2689 1234 2736 et
1243 2699 1361 2736 concur·

154 2765 257 2817 renciam
269 2766 389 2817 aliarum
403 2767 629 2817 accusacionum.
642 2767 741 2829 Neque
752 2767 963 2831 interrogantes
976 2766 1126 2828 quicquam
1139 2764 1234 2817 dicere
1244 2767 1360 2830 liabent,

155 2844 212 2896 unde
226 2849 394 2913 interrogati
413 2849 589 2898 occasionem
608 2848 732 2898 habeant
752 2848 906 2899 excusandi
927 2846 1047 2910 aliquos,
1068 2847 1201 2909 quoniam
1222 2851 1359 2913 suggestu

155 2919 260 2979 demonis
272 2932 301 2982 et
313 2944 348 2981 ex
361 2930 550 2994 promissione
562 2929 638 2980 lacta
650 2930 742 2981 eidem
755 2930 838 2993 proni
850 2933 917 2980 sunt
934 2930 969 2980 ad
987 2928 1179 2979 excusandum
1198 2928 1268 2979 alios
1281 2932 1310 2980 ct
1323 2930 1362 2980 nil

153 3000 213 3058 alind
229 3015 351 3074 querunt
367 3025 451 3074 quam
470 3025 617 3068 excusare,
631 3025 665 3061 cx
684 3012 777 3061 causis
795 3011 895 3071 eciam,
909 3011 943 3062 de
956 3010 1059 3073 quibus
1072 3024 1167 3073 supra.
1181 3010 1217 3060 Et
1228 3012 1362 3062 audiendi

153 3092 212 3154 illut,
219 3095 366 3157 postquam
376 3093 556 3144 intraverunt
565 3093 783 3152 contessionem,
796 3093 824 3142 in
837 3093 1022 3143 accusacionc
1032 3092 1077 3142 sui
1086 3094 1116 3143 et
1124 3091 1246 3143 aliorum
1256 3094 1362 3157 absque

153 3159 371 3241 interrogatorum
380 3176 516 3238 quantum
526 3174 729 3238 cstpossibile;
743 3177 772 3225 et
785 3175 812 3224 in
826 3174 1040 3239 interrogando,
1053 3187 1124 3223 unus
1135 3173 1213 3223 solus
1223 3173 1301 3237 loqui
1314 3176 1360 3227 dc·

153 3241 202 3303 leat
211 3259 237 3306 et
248 3257 428 3322 interrogare
440 3270 492 3321 pro
503 3256 604 3307 eodem
615 3259 753 3319 tempore,
772 3256 907 3319 quoniam
919 3255 1041 3305 maxime
1054 3256 1192 3318 appetunt
1204 3255 1360 3307 valdenses

155 3331 310 3404 literrogati,
322 3340 371 3389 aut
382 3350 496 3402 semper
510 3351 581 3402 vage
593 3336 672 3400 loqui
684 3339 766 3389 extra
778 3337 937 3394 materiam,
951 3337 999 3386 aui
1012 3337 1086 3398 quod
1099 3335 1196 3400 plures
1206 3336 1361 3399 loquantur

153 3419 200 3467 tim
213 3419 262 3471 eis.
274 3420 312 3471 Et
324 3419 390 3470 dum
408 3417 480 3470 alios
497 3421 631 3469 accusent
649 3420 698 3468 aut
714 3433 754 3477 se,
768 3419 861 3482 pauci,
874 3419 924 3468 sed
936 3418 1066 3468 homines
1079 3417 1162 3480 probi
1174 3421 1204 3468 et
1214 3418 1283 3468 boni
1295 3418 1358 3474 zeli,

153 3487 235 3549 leben
245 3514 307 3552 esse
319 3503 478 3564 presentes,
492 3499 625 3562 quoniam
638 3500 773 3550 verentur
782 3497 994 3549 multitudinem
1005 3500 1053 3547 aut
1063 3512 1150 3547 novos
1160 3500 1189 3549 et
1199 3498 1360 3564 incognitos

153 3580 259 3633 omines
276 3584 326 3632 aut
343 3581 449 3631 amicos
467 3580 592 3637 illorum,
607 3594 677 3643 quos
695 3579 766 3630 alias
784 3581 960 3630 accusarent.
979 3579 1017 3630 Et
1034 3579 1100 3629 dum
1118 3579 1258 3643 incipiunt
1274 3580 1361 3631 lateri

153 3660 224 3712 taum
235 3676 318 3713 suum
328 3663 357 3712 ot
366 3674 511 3718 accusare,
522 3661 722 3712 examinentur
731 3674 795 3709 cum
806 3659 960 3724 diligencia
969 3659 1004 3709 de
1015 3672 1081 3709 casu
1094 3673 1145 3709 suo
1158 3663 1187 3710 et
1199 3660 1234 3710 de
1246 3674 1360 3710 accusa·

153 3729 259 3795 ionibus
269 3743 393 3795 aliorum
404 3757 461 3794 uno
474 3745 576 3799 tractu,
590 3742 614 3792 si
627 3742 665 3791 sit
675 3740 820 3805 possibile,
832 3740 966 3804 quoniam
979 3738 1049 3791 alias
1058 3741 1257 3804 reperirentur
1269 3741 1360 3792 altera

153 3811 195 3875 loe
204 3826 315 3877 remissi
328 3827 358 3876 et
375 3825 555 3876 transmutati
568 3838 585 3874 a
597 3824 717 3874 demone
729 3821 773 3873 vel
787 3822 959 3879 hominibus,
973 3821 997 3870 si
1010 3836 1067 3872 non
1079 3823 1117 3872 sit
1127 3822 1222 3873 debita
1233 3824 1359 3886 provisio

153 3891 208 3957 [sca
216 3920 356 3970 carceres,
369 3905 503 3970 quoniam
515 3907 611 3955 custos
623 3904 757 3960 carceris,
767 3904 792 3955 si
804 3904 877 3954 bene
887 3903 1004 3953 allectus
1016 3903 1055 3952 sit
1066 3904 1101 3953 ad
1113 3904 1262 3955 materiam
1274 3906 1304 3955 et
1316 3905 1359 3955 vir

153 3973 272 4040 ¹Berosus
283 3989 313 4040 et
324 3988 441 4052 probus,
453 3988 549 4051 potest
560 3984 682 4036 multum
694 3987 836 4049 prolicere
853 3985 889 4035 ad
900 3983 1091 4035 inducendum
1109 3998 1174 4036 eum
1192 3984 1235 4036 vel
1254 4000 1304 4036 eos
1324 3988 1359 4037 ad

153 4070 224 4121 &am
240 4069 450 4121 contessionem
467 4068 511 4119 sui
528 4080 611 4118 casus
631 4070 660 4118 et
672 4066 795 4118 aliorum
807 4065 1021 4117 accusacionem
1034 4065 1201 4130 alliciendo;
1215 4067 1239 4116 si
1257 4066 1359 4131 malus,

153 4152 237 4204 imme
247 4153 344 4218 potest
355 4151 466 4208 obesse,
479 4151 546 4200 dum
558 4163 607 4200 eos
621 4148 813 4207 visitat,ducit
826 4149 856 4199 et
867 4147 981 4198 reducit
993 4148 1042 4198 aut
1053 4148 1111 4199 vite
1124 4148 1285 4200 necessaria
1296 4149 1361 4199 sub·

153 4228 281 4297 munet,
292 4247 341 4284 eos
349 4230 428 4298 [non]
436 4231 558 4283 dulciter
566 4231 725 4282 amonendo
736 4231 772 4281 ad
781 4229 910 4281 veritatis
916 4229 1126 4281 confessionem
1134 4231 1183 4281 aut
1191 4230 1360 4281 dimovendo

153 4316 284 4367 iveritate
307 4314 427 4365 dicenda
447 4316 496 4364 aut
518 4313 680 4364 inducendo
703 4314 739 4363 ad
760 4311 946 4376 negacionem
965 4309 1046 4374 prius
1067 4311 1303 4362 conlessatorum.
1320 4313 1357 4365 Et

153 4395 269 4464 niellige,
279 4397 380 4453 lector,
394 4396 470 4459 quod
480 4409 536 4446 non
547 4395 613 4445 sunt
625 4394 766 4457 sperande
779 4394 828 4444 aut
840 4391 1015 4456 expectande
1028 4391 1149 4443 aliorum
1161 4395 1360 4446 accusaciones

153 4481 280 4538 nmortc,
293 4478 462 4544 quinpocius
482 4478 512 4527 in
532 4478 625 4527 morte
647 4475 752 4526 iniuste
773 4473 929 4525 valdenses
949 4476 1086 4525 excusant
1105 4489 1165 4534 eos,
1187 4489 1257 4539 quos
1278 4477 1359 4540 prius
