3164 5386
581 461 687 514 ANNO
705 457 770 511 1460
1262 458 1296 510 97

62 625 255 687 respondeant
268 626 298 675 et
313 626 501 688 perseverent
512 638 564 675 seu
576 624 737 688 pertinaces
750 624 817 681 sint,
832 624 953 675 heretici
965 625 1031 674 sunt
1042 623 1188 674 censendi.
1203 623 1299 674 Tercii

61 706 204 765 senciunt,
218 708 248 757 ut
265 705 357 770 primi,
371 707 495 756 animam
508 705 709 762 immortalem,
722 706 885 769 paradisum
898 709 926 756 et
939 706 1093 765 internum,
1106 704 1167 762 sed,
1181 706 1299 768 impeni-

62 790 168 849 tentes,
184 788 337 852 desperati,
358 788 503 849 obstinati,
521 789 647 838 indurati
660 790 689 838 et
702 788 837 838 incuriosi
850 788 885 838 de
897 786 998 846 salute,
1013 801 1182 849 quamquam
1196 788 1299 849 sciant,

61 883 93 919 se
116 869 282 932 gravissime
302 883 433 933 peccare,
453 871 495 920 eis
515 870 584 920 satis
605 870 658 928 est,
680 870 764 932 quod,
787 869 921 932 quamdiu
946 870 1052 927 vivunt,
1073 868 1208 932 expleant
1231 884 1297 920 suas

61 948 223 1014 voluptates
236 953 265 1001 et
276 951 411 1002 deliciose
429 965 461 1002 ac
474 950 641 1015 voluptuose
654 951 748 1001 vivant
760 954 844 1015 atque
860 951 1024 1001 ambiciose.
1038 952 1073 1002 Et
1087 951 1193 1007 dicunt,
1208 951 1296 1013 quod,

60 1033 87 1081 si
106 1046 164 1082 non
181 1033 286 1083 vadunt
303 1033 338 1083 ad
357 1046 444 1083 unum
460 1032 565 1096 locum,
579 1032 689 1083 scilicet
707 1034 741 1082 ad
754 1033 927 1096 paradisum,
941 1033 1022 1083 ibunt
1039 1033 1073 1083 ad
1086 1032 1182 1083 alium.
1197 1032 1298 1092 Quarti

61 1114 205 1174 seuciunt,
218 1115 340 1165 animam
352 1128 415 1166 esse
427 1114 628 1174 immortalem,
641 1115 805 1178 paradisum
817 1130 880 1166 esse
891 1117 920 1165 et
933 1115 1078 1165 internum
1088 1117 1117 1165 et
1130 1115 1257 1179 graviter
1268 1129 1298 1165 se

59 1209 197 1259 peccare,
207 1197 258 1246 sed
277 1197 390 1246 tandem
408 1197 438 1246 in
458 1197 514 1247 llne
533 1198 598 1246 ante
617 1199 739 1246 mortem
757 1198 875 1260 sperant
892 1197 1022 1260 penitere
1041 1199 1070 1247 et
1087 1195 1230 1255 confiteri,
1249 1195 1299 1246 sed

59 1277 257 1341 decipiuntur,
270 1278 404 1340 quoniam
417 1278 523 1340 sepius,
537 1278 719 1341 preoccupati
733 1281 824 1328 morte
837 1281 886 1329 aut
898 1292 962 1329 sero
976 1278 1060 1329 trimis
1073 1277 1128 1328 sibi
1146 1276 1298 1341 providere

59 1358 140 1423 apud
153 1373 184 1409 sc
196 1361 365 1420 statuentes,
378 1359 533 1410 Valdenses
544 1360 689 1411 decedunt
701 1361 730 1410 ut
743 1361 843 1411 celeri.

198 1539 223 1588 6.
243 1538 284 1591 De
300 1539 487 1606 questionibus
507 1545 531 1590 et
552 1541 669 1592 torturis
686 1539 822 1592 adversus
838 1548 979 1592 mancius
1008 1535 1164 1593 Vallenses.

100 1682 174 1732 Post
190 1682 287 1735 dulces
304 1685 497 1735 amonicioncs
515 1687 544 1736 et
558 1684 689 1736 vsalubres
707 1685 936 1744 exhortaciones,
949 1688 1015 1744 etc,
1033 1700 1088 1749 que
1100 1686 1172 1736 iuris
1188 1687 1254 1736 sunt
1272 1687 1302 1736 ct

61 1763 202 1822 racionis,
215 1766 327 1828 quando
340 1768 464 1817 accusati
476 1781 558 1817 suum
570 1769 676 1818 iactum
688 1782 752 1818 cum
765 1768 932 1819 iuramentis
946 1771 975 1818 ct
986 1768 1123 1831 periuriis
1137 1768 1302 1818 constanter

62 1848 185 1913 negant,
198 1848 281 1898 sicuti
299 1850 379 1911 quasi
397 1863 510 1912 semper
527 1848 629 1908 solent,
650 1864 705 1900 non
725 1851 765 1900 uti
783 1851 933 1912 questione
952 1853 982 1899 ct
1004 1852 1125 1904 tortura,
1145 1863 1179 1899 cx
1199 1849 1301 1911 quibus

61 1929 161 1979 solum
178 1931 366 1981 communiter
383 1935 477 1994 potest
495 1932 645 1994 quiequam
663 1932 762 1983 haberi
781 1932 815 1981 ab
833 1932 886 1992 eis,
904 1930 993 1981 nichil
1015 1930 1092 1981 aliud
1112 1932 1197 1988 esset,
1217 1943 1300 1993 quam

61 2011 239 2077 extinguere
257 2015 286 2063 et
298 2013 421 2076 sepelire
435 2015 581 2063 materiam
596 2015 678 2064 istam
690 2016 720 2064 et
731 2014 872 2076 impedire
886 2017 1049 2077 aperturam
1061 2015 1090 2064 et
1102 2015 1225 2063 tructum
1239 2012 1300 2063 eius

61 2095 154 2155 atque
165 2098 263 2158 aperte
275 2095 371 2145 lavere
381 2095 504 2153 demoni,
516 2098 611 2158 spreto
623 2096 682 2146 Deo
695 2096 757 2145 vivo
768 2098 798 2146 et
810 2109 886 2146 vero.
898 2095 982 2145 Esset
991 2095 1108 2158 insuper
1117 2096 1215 2145 lovere
1227 2094 1300 2144 hanc

61 2175 248 2239 dampnatum
267 2179 372 2227 sectam
391 2180 531 2239 patenter,
545 2191 600 2240 que
618 2176 730 2228 occulta
747 2179 791 2228 est
808 2191 895 2242 snpra
912 2179 1027 2228 modum
1045 2179 1075 2228 et
1094 2176 1197 2235 latens,
1216 2177 1246 2226 ut
1263 2188 1299 2226 ex

61 2256 259 2320 suprahabitis
272 2260 359 2321 patet.
374 2260 473 2320 Neque
491 2259 545 2308 hoc
562 2272 654 2325 genus
672 2260 824 2310 demonum
842 2260 896 2310 eici
916 2261 1020 2323 potest,
1034 2259 1089 2309 uisi
1106 2272 1170 2308 cum
1189 2258 1301 2309 tortura

62 2340 95 2389 et
106 2340 267 2401 questione.
281 2340 318 2389 Et
330 2340 379 2402 qui
391 2342 545 2403 procurant
556 2341 748 2392 cessasionem
761 2342 871 2392 torture
880 2343 910 2392 et
919 2341 1087 2404 questionis,
1098 2340 1188 2390 eciam
1198 2352 1301 2402 aspere

63 2420 94 2469 in
109 2421 166 2470 ista
180 2422 299 2471 materia
310 2424 421 2485 (aspere
434 2422 558 2485 quidem,
571 2423 643 2472 eitra
657 2424 778 2473 mortem
790 2424 819 2473 et
831 2422 1056 2481 mutilacionem,
1070 2421 1300 2486 deperdieionem

63 2506 117 2552 aut
135 2502 402 2554 dehonestaciouem
420 2505 622 2573 membrorum)
634 2508 752 2569 propter
771 2504 1000 2570 singularitatem
1013 2517 1105 2561 casus,
1118 2505 1216 2567 preter
1233 2503 1298 2561 hoc,

64 2585 144 2646 quod
168 2584 307 2648 impedire
331 2586 460 2635 nituntur
483 2586 607 2636 officium
632 2587 828 2650 inquisicionis
851 2590 950 2649 (quare
971 2588 1037 2635 sunt
1059 2584 1297 2635 excommunicati

66 2667 241 2729 reputandi),
251 2669 318 2716 sunt
327 2668 511 2718 vehementer
522 2669 645 2732 suspecti
656 2669 691 2719 de
704 2670 790 2730 secta,
804 2671 833 2718 et
842 2666 1038 2717 verisimiliter
1048 2667 1148 2716 timent
1158 2665 1296 2722 accusari,

66 2748 95 2798 et
113 2761 146 2798 se
164 2751 302 2798 excusant
318 2747 465 2812 implicite,
479 2750 643 2813 priusquam
662 2751 839 2800 accusentur.
856 2750 1011 2812 Propterea
1029 2747 1098 2798 satis
1115 2745 1192 2797 clare
1210 2760 1241 2796 se
1258 2746 1300 2795 sic

68 2831 231 2880 excusando
244 2834 386 2880 accusant.
400 2831 590 2895 Singularitas
603 2832 678 2882 enim
697 2832 779 2882 istius
797 2845 879 2881 casus
896 2829 1025 2894 exposcit
1042 2828 1185 2879 tormenta
1201 2827 1298 2892 singu·

70 2909 151 2969 laria,
164 2913 298 2974 quoniam
309 2911 455 2977 singulare
468 2916 612 2964 certamen
629 2913 726 2977 agitur
742 2914 771 2963 in
786 2914 897 2963 tortura
908 2914 938 2962 et
953 2911 1112 2974 questione,
1126 2923 1182 2959 non
1195 2909 1301 2973 princi·

71 2991 173 3053 paliter
185 2993 320 3043 adversus
338 2992 493 3057 hominem,
505 2995 555 3045 sed
568 2995 703 3044 adversus
716 2995 874 3052 demonem,
888 2993 937 3056 qui
950 2993 978 3043 in
992 2991 1146 3043 valdenses
1159 2992 1203 3042 ius
1216 2990 1301 3042 habet

75 3075 234 3133 maximum,
247 3075 321 3125 iuste
338 3074 489 3125 derelictos
503 3090 520 3126 a
532 3076 602 3133 Deo,
617 3075 683 3138 quia
700 3076 806 3126 iniuste
824 3075 1040 3138 dereliquerunt
1051 3073 1150 3132 Deum,
1163 3073 1302 3123 tectorem

79 3167 162 3214 suum,
175 3157 241 3214 etc..
252 3157 357 3219 quique
369 3158 501 3222 suggerit
512 3158 542 3208 et
550 3157 678 3208 immittit
689 3171 835 3221 responsa,
849 3158 930 3220 quasi
939 3154 1073 3219 loquetur
1087 3156 1116 3206 in
1130 3155 1187 3218 eis;
1205 3168 1302 3218 quem·

81 3235 221 3289 admodum
244 3237 366 3302 apostoli
387 3241 453 3290 ante
474 3252 559 3304 reges
580 3241 608 3290 et
625 3240 780 3303 principes,
792 3242 858 3303 post
880 3238 1003 3302 Spiritus
1025 3236 1121 3289 Sancti
1141 3237 1169 3286 in
1191 3236 1299 3301 linguis

83 3314 163 3378 igneis
180 3321 216 3371 ad
233 3334 282 3372 eos
300 3320 474 3381 missionem,
487 3320 646 3384 loquentes,
659 3322 782 3385 Spiritus
800 3322 920 3371 Sanctus
937 3319 1108 3382 loquebatur
1125 3319 1154 3368 in
1173 3318 1215 3369 eis
1244 3317 1299 3377 Qui

83 3395 174 3451 demon
190 3403 317 3466 insuper,
329 3401 449 3452 visibilis
466 3402 618 3465 aliquando
631 3403 828 3466 questionatis,
841 3401 910 3453 licet
928 3416 984 3451 non
996 3400 1116 3451 visibilis
1129 3400 1297 3455 astantibus,

81 3481 121 3529 aut
138 3482 287 3534 invisibilis
305 3485 442 3547 utrisque,
456 3485 574 3548 impedit
591 3485 680 3535 eciam
697 3483 834 3548 linguam,
848 3485 944 3534 lauces
956 3484 985 3534 et
997 3485 1093 3534 cetera
1105 3482 1232 3531 membra
1242 3480 1300 3530 lor·

77 3562 176 3614 nauva
185 3566 271 3624 vocis,
284 3565 458 3617 sensibiliter
470 3567 613 3616 interdum
626 3567 656 3616 et
667 3565 818 3616 visibiliter
829 3566 934 3615 iudicio
952 3565 1150 3616 assisteneium
1163 3576 1197 3614 ea
1209 3563 1298 3612 diver·

75 3634 159 3694 tendo
170 3650 197 3697 et
214 3648 385 3698 inflectendo
398 3649 428 3698 in
441 3650 551 3711 partem
564 3647 664 3710 aliam3
678 3648 829 3698 maximam
842 3647 917 3698 enim
932 3646 1126 3698 assistenciam
1138 3645 1179 3696 eis
1192 3645 1302 3708 prestat

67 3714 213 3804 liconiam
231 3731 401 3792 potestatem
419 3728 579 3780 mirabilem
597 3729 626 3779 in
644 3740 694 3780 eos
706 3728 812 3793 habet),
824 3743 889 3779 cum
907 3729 988 3792 quasi
1005 3742 1041 3778 ex
1060 3728 1119 3777 toto
1133 3727 1177 3777 sni
1189 3727 1256 3783 sint,
1270 3727 1301 3776 et

62 3806 190 3883 Jfflpedit
200 3825 250 3862 eos
268 3811 355 3874 loqui,
370 3825 405 3862 ne
417 3812 518 3873 perdat
531 3812 648 3874 predam
660 3824 740 3861 suam
752 3811 781 3860 in
794 3810 909 3875 integra
919 3810 1099 3861 confessione
1115 3809 1159 3859 sui
1177 3821 1259 3857 casus
1272 3807 1303 3857 et

58 3886 83 3928 m
105 3894 306 3943 accusaoiooo
329 3890 460 3953 aliorum,
485 3893 630 3956 potissime
657 3893 687 3942 in
718 3893 901 3943 accusaoione
930 3893 1080 3949 maiorum,
1104 3890 1152 3953 qui
1181 3889 1301 3953 possunt

54 3966 184 4021 wer-ari
203 3975 313 4024 maiora
332 3975 460 4024 facinora
472 3975 500 4024 in
522 3975 688 4037 obsequium
705 3974 833 4025 demonis
851 3976 882 4024 et
898 3987 950 4024 sua
967 3974 1135 4024 auctoritate
1152 3974 1182 4023 et
1202 3983 1299 4035 prose·

49 4046 187 4104 cacione
210 4058 308 4106 lovere
332 4055 404 4105 hanc
428 4055 607 4118 dampnatam
623 4059 739 4106 sectam.
761 4055 901 4114 Quoniam
923 4055 958 4105 ad
981 4067 1078 4106 verum
1094 4053 1200 4104 bonum
1218 4051 1300 4102 istius

45 4122 85 4171 ¹⁰1
113 4132 160 4178 et
182 4139 296 4187 tructus
316 4142 401 4199 atque
423 4138 530 4201 optima
553 4140 688 4200 apertura
710 4137 841 4187 consistit
869 4150 978 4188 summe
1002 4139 1032 4187 ct
1054 4134 1252 4200 principaliter
1272 4134 1302 4183 in

41 4207 201 4270 respectu
220 4220 256 4268 ad
274 4219 396 4268 maiores
417 4219 599 4275 accusandos,
613 4219 747 4282 quoniam
764 4219 867 4283 punire
884 4217 995 4282 aliquos
1010 4218 1131 4268 miseros
1143 4218 1172 4267 et
1188 4217 1302 4267 intimos

38 4289 87 4365 ,⁸⁹¹¹
126 4292 265 4364 alique-s,
289 4301 382 4363 quoad
404 4301 527 4351 fructum
550 4301 600 4362 qui
623 4302 761 4363 sequitur,
789 4303 833 4351 est
859 4299 951 4351 solum
980 4300 1109 4350 adrisere
1137 4298 1237 4350 fideles
1266 4298 1301 4350 de

38 4357 88 4451 ille
115 4374 214 4433 statu
233 4386 282 4432 aut
300 4385 378 4433 sorte
395 4382 491 4439 simili,
515 4396 549 4432 ne
568 4383 695 4433 incidant
712 4383 741 4432 in
759 4382 838 4433 illam
856 4385 972 4434 sectam.
994 4383 1094 4444 Neque
1115 4381 1300 4432 emendantur

38 4449 168 4505 ⁰¹¹¹¹d0
182 4463 337 4515 actualiter
347 4462 501 4514 Valdenses
520 4465 555 4514 dc
567 4463 661 4526 equali
675 4465 750 4514 statu
764 4466 813 4514 aut
824 4465 933 4516 maiore
946 4478 981 4515 cx
997 4466 1098 4514 natura
1110 4464 1192 4514 istius
1205 4463 1300 4527 damp-
