3164 5386
321 588 356 640 90
848 578 953 631 Anno
972 579 1036 630 1460

317 778 361 823 na
383 760 438 821 hot
460 755 606 833 adoggon
625 769 686 814 van
711 751 839 813 hunnen
861 752 930 823 eod,
951 752 1059 813 hnnne
1076 753 1240 815 misdaden
1257 755 1383 817 ontken
1409 755 1468 818 den
1489 758 1539 834 zijn

313 858 375 923 dus
400 854 551 932 schuldig
576 869 639 913 aan
666 851 820 910 moineod.
842 853 980 913 Daarom
1006 851 1139 912 worden
1167 852 1277 914 hunno
1302 854 1462 932 gooderen
1483 871 1539 917 ver·

314 950 602 1022 beunlrerklaard,
611 950 649 1010 do
663 948 862 1010 onroerende
875 951 928 1010 ton
943 948 1110 1010 voordeele
1122 949 1180 1011 der
1192 951 1367 1028 gratolijko
1379 952 1535 1026 sohatkist,

312 1056 353 1119 do
384 1051 541 1117 roennde
566 1051 617 1109 tot
641 1046 785 1123 dokking
806 1046 864 1106 der
888 1046 1117 1123 proeeskosten
1149 1065 1187 1108 en
1217 1049 1472 1130 ondersteuniug
1493 1052 1538 1113 der

313 1154 496 1234 Inquisitio.
518 1152 604 1210 liuor
628 1162 701 1206 men
727 1161 826 1222 goene
852 1144 937 1222 hoop
963 1160 1004 1221 op
1029 1161 1106 1206 eene
1131 1146 1284 1223 opreohte
1305 1149 1479 1227 bekooring
1492 1150 1538 1210 der

315 1248 565 1329 bosoliuldigdon
592 1244 690 1316 heeft,
717 1243 847 1305 worden
872 1243 911 1319 zij
939 1259 1000 1305 aan
1026 1244 1087 1303 den
1113 1244 1336 1322 wereldlijkon
1362 1264 1433 1310 arm
1463 1263 1538 1309 over

312 1350 464 1433 malaveni
491 1350 559 1408 met
583 1344 622 1405 de
640 1341 730 1415 bodo,
759 1341 813 1402 dat
830 1341 868 1417 zij
896 1341 980 1402 noch
997 1342 1120 1418 godood
1138 1343 1221 1405 noch
1247 1345 1416 1407 verminkt
1430 1346 1536 1408 aondeu

312 1450 460 1514 wonlen.
488 1449 649 1523 lingonen,
670 1441 721 1501 die
739 1440 870 1501 berouw
888 1438 1009 1501 zouden
1032 1440 1197 1516 genedea,
1217 1442 1326 1504 zolde
1352 1443 1535 1520 werddlijke

311 1547 423 1612 rnaolit
440 1547 507 1608 niet
525 1543 665 1604 beletten
684 1542 717 1600 ta
736 1538 881 1599 bieohten
898 1554 936 1598 en
954 1537 993 1598 do
1010 1539 1189 1600 communie
1205 1541 1238 1601 te
1250 1542 1451 1620 ontvangen.

346 1736 370 1787 Λ
391 1739 457 1785 tona
475 1731 558 1783 roulx
578 1731 625 1794 qui
644 1743 692 1780 ees
709 1729 858 1793 presentes
875 1725 975 1778 lettres
993 1729 1118 1784 verrent,
1136 1727 1178 1778 les
1200 1728 1321 1780 vioairos
1339 1730 1494 1796 genoraulx
1508 1743 1534 1781 en

310 1816 462 1883 ‹iuqilrltnel
477 1819 506 1865 ot
520 1810 658 1877 leniporel
677 1811 714 1861 de
734 1809 873 1860 reverend
892 1811 960 1872 pero
978 1822 1013 1860 en
1033 1811 1104 1861 Dien
1123 1811 1326 1875 monaeignonr
1343 1812 1449 1874 deuon,
1461 1811 1534 1877 parta

310 1902 397 1963 pruno
425 1898 461 1947 do
489 1895 561 1947 luen
581 1898 609 1943 et
627 1893 665 1942 dn
688 1892 765 1942 saint
787 1892 867 1955 siege
888 1889 1066 1954 apostolique
1091 1893 1212 1954 ovesque
1232 1891 1359 1954 durren
1379 1894 1415 1945 de
1436 1896 1532 1959 present

308 1981 411 2033 illinunt
423 1980 459 2028 dn
472 1990 522 2029 nen
536 1977 593 2027 rite
606 1977 635 2025 ot
647 1975 761 2024 diocese
774 1973 898 2028 d’Arras.
911 1975 942 2023 et
952 1974 1029 2023 lrdre
1043 1972 1143 2023 Piorre
1158 1972 1367 2032 lesbloussarl.
1380 1977 1493 2026 maistre
1507 1988 1531 2024 en

308 2061 468 2127 tintnlople,
476 2060 511 2110 do
522 2058 628 2109 l'nrdre
638 2057 688 2108 des
698 2057 790 2106 ireres
802 2054 971 2109 Prooheurs
981 2055 1085 2105 vioaire
1096 2055 1184 2106 esdits
1197 2055 1253 2107 cito
1265 2059 1296 2107 et
1307 2056 1424 2109 diocese
1436 2057 1531 2109 d'Ams

308 2146 344 2197 dn
358 2146 456 2195 nenne
476 2143 593 2192 indistre
608 2138 748 2189 reverend
766 2138 882 2187 maistre
900 2135 1007 2187 Rolant
1026 2135 1061 2187 de
1079 2135 1170 2194 conc,
1182 2137 1258 2188 aussi
1276 2138 1396 2190 maistre
1414 2153 1450 2191 en
1469 2138 1531 2188 ute

308 2227 396 2291 triplo,
424 2223 597 2288 inquisitnur
624 2221 658 2271 de
685 2218 713 2269 la
736 2221 828 2270 sainte
851 2219 897 2282 toy
920 2218 1112 2275 chrestienne,
1136 2217 1181 2269 del
1204 2219 1345 2270 auctorite
1370 2219 1529 2285 apostolique

308 2307 428 2359 nnnmn
442 2308 471 2357 ol
484 2305 590 2369 deputo
603 2317 640 2352 ou
653 2316 790 2366 royaume
803 2303 838 2352 de
852 2302 971 2358 Franco.
984 2300 1057 2350 salut
1066 2313 1101 2351 on
1111 2300 1212 2352 Nostro
1223 2299 1527 2366 Seigneurlhosucrist

308 2391 387 2442 oldut
399 2391 428 2439 nt
441 2389 563 2439 audieur
575 2382 687 2434 dicullo
702 2384 794 2434 sainte
806 2385 854 2446 toy
867 2381 1040 2446 catholique.

342 2473 418 2524 l'nue
431 2474 460 2522 ot
474 2468 674 2533 diligamrnent
684 2466 831 2517 examines
844 2464 886 2515 les
899 2467 998 2528 proces
1010 2462 1246 2516 solennellement
1262 2467 1292 2515 et
1306 2466 1528 2529 juridioquemeat

307 2556 362 2610 toln
372 2557 402 2607 nt
415 2551 553 2603 ildriionos
562 2551 663 2599 contre
676 2562 754 2601 vous,
765 2547 858 2598 Jehan
879 2547 1024 2610 Tannoye.
1038 2547 1080 2597 dit
1091 2544 1167 2597 nobe
1176 2543 1211 2597 de
1220 2559 1278 2612 pon
1291 2545 1326 2597 de
1337 2562 1411 2604 eene.
1423 2547 1527 2613 bigamo,

306 2638 445 2695 llnnludto
457 2632 608 2692 Greniere,
624 2628 724 2680 Belote
738 2629 922 2685 Moucharde.
935 2629 952 2679 J
955 2628 1065 2680 ehenne
1078 2628 1256 2693 Danvergne.
1270 2627 1406 2680 Mariette
1417 2628 1444 2680 le
1456 2629 1526 2681 Drue

303 2723 380 2775 «tinto
404 2717 562 2786 Baypnlne,
576 2716 606 2764 et
625 2712 758 2763 ,lehenne
776 2711 897 2771 Gdette,
920 2712 995 2762 dicte
1015 2710 1365 2776 Pleiouyomemnohios
1385 2712 1527 2763 otmense

303 2804 462 2873 punierunt
481 2812 553 2849 nona
571 2796 607 2845 de
626 2793 770 2858 pluiseurs
788 2794 899 2843 mandis
916 2792 1062 2851 eriesmes,
1079 2805 1159 2845 nous.
1177 2805 1257 2842 mous
1274 2792 1310 2843 de
1326 2791 1448 2845 l’amour
1463 2792 1494 2842 de
1508 2790 1527 2840 li

302 2888 395 2940 nutrito
414 2885 462 2946 toy
477 2877 653 2938 ontlrolique,
667 2889 777 2924 comme
799 2874 817 2923 il
833 2889 904 2925 nous
921 2877 965 2925 est
984 2874 1109 2938 enjoinet
1124 2873 1159 2924 de
1170 2874 1252 2924 notre
1264 2873 1358 2930 office,
1371 2873 1527 2926 veullansde

302 2971 383 3021 qma„
397 2964 496 3015 nostre
509 2958 610 3009 sordre
623 2959 653 3006 ot
665 2957 815 3019 puissanee
828 2957 971 3007 destruire
983 2958 1013 3006 et
1024 2953 1174 3006 anichiller
1184 2955 1221 3005 dn
1232 2954 1337 3019 peuple
1350 2956 1387 3007 de
1398 2955 1476 3015 Dion,
1487 2967 1527 3020 par

300 3044 425 3115 ‹inqidnlnl
446 3044 482 3093 do
492 3043 571 3089 ‹·oste
585 3038 699 3086 diocese
712 3035 837 3087 d’Arrae.
850 3036 891 3087 loa
901 3039 960 3088 tres
970 3035 1151 3102 dampnables
1162 3038 1192 3088 et
1202 3035 1439 3101 pestileneieuses
1449 3038 1528 3089 seem

300 3133 336 3183 dn
356 3115 799 3188 lior-onte‚nu1·0urduy‚aleure
818 3122 846 3168 et
864 3116 921 3169 lieu
940 3121 957 3169 d
975 3134 1043 3169 rous
1060 3122 1089 3170 et
1105 3118 1227 3169 ohaseun
1245 3119 1280 3168 de
1292 3132 1374 3171 vous.
1389 3120 1424 3170 de
1444 3122 1529 3171 nostre

297 3207 560 3263 ‹ecsrnrnandoment
573 3199 731 3265 pardevant
740 3212 811 3248 nous
821 3202 1092 3264 peremptoirement
1101 3198 1402 3265 etpersonnellement
1413 3202 1530 3267 assigner

297 3308 372 3365 pour
385 3304 460 3356 onyr
473 3301 523 3339 aur
535 3298 568 3335 oe
582 3283 681 3332 nostre
694 3282 829 3332 sentence
846 3282 1004 3342 didlnitive,
1017 3286 1101 3334 stans
1117 3295 1190 3347 pour
1203 3283 1363 3347 jugement,
1377 3282 1421 3335 les
1437 3285 1532 3336 saintes

298 3364 488 3441 ltrivnngllloe
506 3369 594 3418 mises
612 3363 769 3426 pardovant
787 3377 867 3431 nous,
882 3365 917 3414 ad
935 3378 968 3415 ee
986 3378 1041 3428 qne
1058 3366 1155 3415 nostre
1165 3364 1313 3429 ingement
1329 3365 1456 3427 procede
1468 3365 1500 3416 de
1509 3362 1534 3414 la

296 3460 360 3513 town
382 3456 418 3506 do
441 3451 514 3503 ilion
537 3449 566 3498 et
592 3457 648 3507 que
667 3457 718 3493 nos
737 3456 810 3508 yeux
830 3445 926 3495 voient
943 3447 1050 3508 equite,
1062 3446 1123 3496 tant
1139 3445 1183 3495 del
1202 3443 1341 3494 auctorite
1361 3445 1534 3510 apostolique

294 3550 409 3593 ‹ulrnnio
422 3531 583 3586 ordinaire,
597 3527 667 3575 dont
681 3539 752 3575 none
765 3540 852 3576 usone
864 3540 900 3578 en
912 3529 989 3578 ceste
1001 3527 1104 3591 partie.
1117 3526 1154 3576 du
1165 3525 1259 3577 consol
1271 3526 1302 3576 et
1314 3539 1417 3579 moure
1429 3528 1532 3580 deliba·
1576 3544 1578 3553 ·

294 3623 390 3677 retinen
404 3618 441 3669 do
454 3612 601 3679 pluiseurs
619 3609 678 3658 tros
696 3611 858 3659 ronornmds
877 3608 1068 3675 theologieus,
1087 3606 1231 3660 solennelz
1246 3608 1367 3672 juristes
1386 3612 1417 3662 et
1433 3610 1536 3661 aultres

292 3703 469 3771 retlglouuos
488 3703 657 3760 personnea,
677 3703 764 3740 avons
781 3689 865 3742 ioello
885 3694 982 3742 nostre
999 3694 1133 3743 sentence
1150 3689 1297 3741 diffinitive
1313 3692 1496 3754 prononchie
1511 3695 1538 3744 et

291 3781 502 3857 prrononohons
515 3790 551 3828 en
570 3787 618 3825 ces
631 3771 740 3836 escrips
753 3786 760 3822 :

324 3868 369 3923 On
390 3875 457 3917 nom
476 3860 512 3910 de
530 3857 559 3908 la
575 3855 670 3905 sainte
688 3855 717 3904 et
733 3853 873 3905 indivisse
892 3853 1013 3915 Trinitt,
1027 3853 1054 3906 le
1069 3854 1152 3910 Pero,
1164 3851 1192 3905 le
1203 3851 1248 3903 Fil
1265 3854 1295 3903 et
1312 3851 1398 3904 Saint
1416 3853 1537 3920 Esperit,

290 3964 388 4007 areton.

325 4034 406 4089 pm„-
432 4039 466 4077 oe
494 4035 562 4087 qne,
591 4021 652 4070 tant
677 4031 730 4083 par
753 4016 908 4084 diligentes
929 4018 1128 4069 intormations
1149 4028 1256 4067 comme
1277 4028 1331 4080 par
1358 4031 1412 4069 vos
1432 4021 1536 4071 contes-

286 4117 369 4173 ulonu
387 4111 475 4164 laites
494 4109 524 4157 et
536 4104 658 4154 souvent
671 4101 811 4152 roltoroes
823 4101 982 4164 pardevant
999 4113 1080 4163 nous,
1092 4111 1179 4149 avons
1191 4096 1354 4162 apperoheu
1367 4102 1400 4152 et
1412 4115 1484 4153 nous
1495 4102 1536 4153 est

285 4194 445 4255 deuoment
457 4199 577 4255 apparu.
592 4185 651 4248 toy.
664 4183 681 4233 J
685 4182 758 4235 ehau
772 4181 898 4246 Tanoye,
919 4183 961 4232 dit
973 4179 1067 4233 labbe
1084 4179 1118 4233 cte
1130 4177 1298 4246 pandum.
1309 4181 1340 4231 et
1357 4194 1443 4244 vous,
1454 4183 1535 4236 Deni-

284 4286 348 4339 φη,
358 4275 510 4332 tironitre,
524 4268 639 4320 Belotte
652 4265 835 4325 Moucharde‚
844 4264 977 4315 lehenne
991 4263 1172 4328 Dauvergne,
1185 4260 1319 4313 Mariette
1337 4262 1376 4314 de
1396 4264 1485 4329 brus,
1498 4265 1535 4316 dit

282 4362 439 4431 natputnq
453 4358 483 4407 ot
500 4351 635 4405 dehenne
654 4348 774 4405 Griette‚
789 4347 847 4397 dite
867 4346 1037 4411 Bleionyon,
1051 4345 1150 4396 dessus
1168 4345 1305 4408 nummos,
1319 4346 1403 4399 estre
1421 4346 1535 4399 acheus

281 4462 318 4503 on
338 4445 368 4499 te
387 4438 519 4494 malditte
538 4438 568 4486 ot
585 4429 756 4495 dampnatio
775 4431 852 4479 secte
872 4429 907 4477 do
925 4427 1050 4477 Vaudois
1075 4427 1104 4477 et
1124 4439 1160 4477 eu
1178 4423 1259 4476 icelle
1277 4428 1358 4478 seete
1379 4431 1464 4482 avoir
1479 4430 1534 4480 ido·

279 4528 378 4587 teoto.
391 4519 537 4589 aponiano
550 4517 586 4566 de
601 4526 687 4578 vraye
700 4513 749 4576 loy
763 4513 792 4561 ot
805 4509 898 4577 [avoir
915 4506 1046 4576 commis]
1058 4507 1084 4559 le
1097 4509 1155 4559 tros
1168 4505 1383 4570 maldltpeenio
1404 4512 1442 4564 de
1457 4513 1535 4564 sodo·

280 4612 340 4671 mue
352 4619 422 4662 aveo
431 4603 475 4657 lea
487 4597 608 4656 diablus,
623 4595 704 4647 avoir
716 4592 864 4645 delaissiet
876 4593 975 4642 nostro
997 4591 1140 4652 ortateur,
1153 4588 1233 4641 avoir
1243 4587 1281 4639 du
1293 4589 1362 4643 tout
1378 4593 1534 4647 renonchit
