3210 5386
187 537 220 587 ³6
706 534 810 587 ANNO
830 533 894 584 1349

220 700 404 757 Duodecim,
417 713 470 764 per
480 698 513 748 30
525 698 595 755 dies,
609 697 712 761 quibus
730 696 836 747 debent
848 696 944 747 lacere
956 708 1036 746 suam
1053 694 1262 760 penitentiam,
1276 692 1408 744 debentab

185 782 320 832 vxoribus
331 782 488 836 continere.
501 780 587 830 etiam
599 792 698 830 earum
710 791 861 834 consensu,
872 777 989 828 minime
1001 777 1157 839 requisit03
1169 789 1238 826 cum
1247 778 1341 826 umen
1349 774 1408 824 diost

185 862 330 928 apostolus
344 862 442 916 Primo
453 858 492 912 ud
506 859 680 912 chorintus,
691 859 720 908 7⁰
732 857 785 925 (l):
800 879 813 901 ι
828 857 925 911 Nolite
936 858 1060 909 inuicem
1072 857 1224 920 iraudare,
1235 857 1292 908 nisi
1302 857 1370 908 torte
1378 867 1405 906 ex

183 958 324 996 consensu
339 944 375 995 ad
387 945 509 1008 tempus,
523 946 555 993 ut
566 943 672 992 vacetis
686 941 822 1005 orationj.
833 964 846 985 .
1431 936 1433 941 ’

217 1026 320 1078 Tercio
338 1025 461 1085 decimo,
479 1025 610 1075 nituntur
627 1023 730 1085 vbique
748 1022 852 1073 Iudeos
870 1023 1010 1080 occidere,
1029 1021 1165 1086 putantes
1183 1020 1248 1072 Deo
1264 1018 1400 1083 pimereir

185 1107 356 1160 exterminio
369 1106 532 1163 Iudeorum,
547 1119 604 1155 non
617 1105 801 1155 aduertentes
812 1102 896 1168 illud,
909 1101 1043 1155 Psalmue
1054 1102 1088 1151 58
1098 1103 1136 1165 (2)
1149 1116 1157 1153 :
1173 1121 1186 1143 ·
1200 1103 1280 1153 Dens
1299 1100 1399 1152 ostendit

186 1189 257 1240 mihi
267 1201 355 1253 super
366 1188 496 1239 inimicos
507 1201 594 1247 meos,
608 1200 643 1237 ne
656 1186 769 1237 occidas
787 1200 846 1238 eos.
860 1208 873 1230 ι
887 1184 969 1244 Quod
980 1184 1098 1236 verbum
1115 1197 1267 1248 exponens
1283 1181 1398 1248 August·

186 1285 240 1322 nus
252 1270 286 1321 de
298 1269 405 1327 Iudeis,
418 1270 543 1320 inimicis
555 1269 673 1332 Christi,
684 1282 739 1318 non
753 1268 926 1328 occidendis,
938 1268 968 1317 in
980 1267 1161 1330 expositione
1174 1264 1244 1330 dicti
1257 1263 1360 1329 psalmi,
1369 1263 1395 1312 sic

185 1353 295 1416 inquit:
310 1372 323 1392 ι
337 1351 399 1401 Hoc
416 1351 451 1401 de
469 1351 564 1402 Iudeis
582 1352 678 1414 potest
695 1348 829 1415 intelligi.
849 1349 923 1399 Istos
940 1348 1071 1399 iuimicus
1083 1360 1174 1408 meos,
1187 1347 1239 1410 qui
1252 1359 1297 1397 me
1307 1344 1393 1396 cecide

185 1435 261 1489 runt.
284 1433 342 1483 noli
365 1437 396 1483 tu
419 1433 558 1482 occidere.
583 1432 698 1483 Maneat
718 1445 789 1497 gons
809 1431 963 1481 Iudeorum
984 1430 1021 1491 (3)
1034 1452 1047 1473 ι
1070 1429 1130 1480 Hec
1150 1428 1203 1492 ibi.
1225 1427 1314 1480 Huius
1334 1437 1392 1476 rnen

186 1528 300 1566 causam
310 1515 437 1579 assignat
446 1513 551 1564 ibidem
564 1525 663 1576 quare,
673 1513 783 1563 scilicet
795 1527 850 1563 non
864 1513 931 1562 sunt
940 1510 1087 1574 occidendj
1100 1523 1107 1560 τ
1118 1509 1266 1574 quoniam,
1276 1506 1390 1564 utmudt

188 1596 342 1658 necessarii
365 1597 432 1645 sunt
451 1595 634 1645 credentibus
657 1595 801 1659 gentibus.
826 1593 888 1644 Hoc
907 1593 1010 1658 probat
1030 1592 1254 1655 consequenter,
1277 1598 1390 1654 exponen

187 1677 276 1729 alium
293 1690 407 1728 versum
424 1677 552 1727 eiusdem
570 1675 671 1740 psalmj
691 1675 856 1726 immediate
868 1678 1046 1738 sequentem,
1059 1673 1107 1737 ubj
1124 1673 1168 1724 sic
1179 1674 1240 1724 ait:
1255 1693 1269 1714 ιι
1281 1672 1388 1736 Disperge

188 1757 254 1810 illos
265 1760 295 1810 in
308 1759 414 1809 virtute
426 1760 484 1808 tua.
496 1780 508 1802 ι
523 1778 536 1798 ι
546 1757 617 1821 Iam,
629 1780 642 1801 ιι
655 1757 757 1820 inquit,
772 1757 901 1807 -lactum
914 1758 975 1807 est:
994 1768 1046 1819 per
1065 1767 1165 1806 omnes
1176 1756 1280 1820 gentes
1299 1747 1389 1816 disperfl'

189 1842 256 1891 sunt
267 1840 358 1904 Iudej‚
378 1841 466 1891 testes
484 1839 644 1902 iniquitatis
662 1851 712 1890 sue
726 1841 755 1889 et
771 1839 899 1889 veritatis
920 1840 1028 1890 nostre.
1045 1836 1106 1901 Ipsi
1120 1836 1230 1887 habent
1246 1830 1390 1891 codicem

190 1922 289 1985 quibus
306 1921 493 1987 prophetatus
514 1924 559 1972 est
578 1919 717 1984 Christus,
736 1921 766 1971 et
783 1934 835 1970 nos
856 1921 985 1971 tenemus
1008 1918 1162 1969 Christum.
1181 1917 1220 1968 Et
1236 1917 1262 1968 si
1277 1917 1346 1969 torte
1359 1911 1394 1964 dl-

190 2003 302 2067 quando
321 2002 424 2065 aliquis
441 2015 569 2068 paganus
587 2001 772 2058 dubitauerit,
783 2015 848 2052 cum
859 2001 885 2065 ej
899 2001 1056 2052 dixerimus
1069 1999 1239 2064 prophetias
1250 1998 1285 2050 de
1296 1996 1399 2051 causo·

190 2098 310 2149 quarum
328 2084 502 2135 euidentiam
520 2084 705 2147 obstupescit,
718 2086 747 2134 ct
759 2083 902 2134 admirans
919 2083 1066 2147 putauerIt
1076 2094 1093 2133 a
1105 2080 1188 2132 nobis
1199 2093 1264 2132 esse
1278 2075 1401 2137 conscn’p·

191 2169 246 2229 tas,
266 2167 302 2218 de
322 2165 467 2216 codicibus
484 2166 636 2217 iudeorum
651 2166 814 2228 probamus,
833 2165 900 2227 quia
920 2164 974 2214 hoc
991 2165 1070 2215 tanto
1090 2165 1156 2214 ante
1173 2163 1330 2228 predIctum
1352 2156 1402 2210 esi·

191 2245 293 2296 Videte
314 2245 551 2308 quemadmodum
572 2246 607 2295 de
627 2246 751 2295 inimicis
768 2245 871 2295 vestris
892 2249 1006 2294 nostros
1026 2243 1228 2294 contundimus
1247 2242 1406 2293 inimicos-¹

192 2326 252 2378 lieo
269 2327 456 2392 Augustinus.
475 2327 539 2376 Non
557 2327 710 2377 aduertunt
727 2328 813 2377 ctiam
829 2326 950 2391 predict]
970 2323 1188 2390 Flagellatores,
1205 2323 1308 2376 Iudeos
1323 2323 1409 2375 exter

192 2409 302 2459 minare
316 2407 454 2470 volentes,
467 2407 590 2470 qualitor
604 2407 733 2458 Ecclesia
749 2407 889 2458 catholica
900 2407 992 2458 credit
1004 2407 1107 2457 Iudeos
1119 2406 1154 2457 ad
1167 2406 1310 2457 Christum
1320 2405 1346 2454 in
1356 2401 1413 2452 fine

192 2489 282 2542 seculi
304 2489 523 2550 conuertendos,
546 2491 627 2540 iuxta
646 2489 716 2540 illud
735 2487 857 2554 apostoli
877 2487 922 2540 Ad
936 2489 1076 2540 Romanos
1097 2488 1125 2537 ll
1148 2484 1206 2555 (t):
1230 2507 1243 2529 ·
1257 2487 1358 2540 Ceeitas
1379 2479 1433 2554 63Ι

191 2573 274 2637 parte
287 2570 409 2635 contigit
420 2571 450 2621 in
463 2570 563 2627 Israel,
577 2571 667 2621 donec
678 2569 827 2634 plenitudo
841 2571 969 2636 gentium
982 2570 1113 2630 intraret,
1126 2571 1157 2620 et
1167 2569 1209 2619 sic
1221 2569 1313 2620 omnis
1328 2545 1433 2618 Μ’

190 2653 288 2704 saluus
305 2653 397 2704 tieret.
409 2675 422 2697 ι
441 2653 494 2703 Vbi
512 2652 612 2718 glosa:
632 2672 644 2694 ι
657 2661 682 2704 et
694 2654 744 2716 sic,
755 2652 786 2715 jd
799 2654 843 2703 est
855 2653 1004 2716 postquam
1016 2651 1170 2703 intruserit
1186 2650 1333 2716 plenitudo
1347 2645 1422 2714 geir

191 2735 262 2785 tium
274 2735 366 2784 omnis
379 2734 480 2798 Israel,
490 2734 655 2799 predicante
666 2733 759 2798 Hclya
768 2735 797 2784 et
806 2732 914 2793 Enoch,
925 2733 1022 2784 saluus
1031 2733 1116 2784 fleret
1126 2731 1280 2784 emulando
1289 2731 1402 2799 gente·-
1416 2725 1426 2747 '

191 2817 234 2867 De
257 2816 311 2866 hoc
333 2816 462 2879 loquens,
485 2815 581 2880 Hugo,
602 2814 676 2865 libro
697 2816 713 2864 2
734 2814 774 2865 De
794 2813 1046 2880 scoriamcutouum
1069 2812 1270 2880 instituttonc],
1293 2825 1351 2878 par·
1372 2787 1430 2855 13¹

192 2911 254 2962 cap.
274 2897 345 2959 6(5),
365 2897 406 2946 sic
435 2897 556 2959 inquit:
578 2917 590 2938 ι
613 2897 671 2947 Per
691 2895 814 2953 Heliam,
840 2909 973 2961 magnum
999 2894 1217 2958 mirabilemque
1244 2880 1433 2961 propnehffl*

192 2978 323 3042 exposita
343 2976 395 3040 sibj
418 2976 494 3042 lege,
518 2979 673 3028 nouissimo
699 2980 828 3041 tempore
848 2979 915 3028 ante
935 2977 1082 3034 iudicium,
1102 2975 1207 3028 Iudeos
1229 2976 1260 3028 in
1280 2957 1433 3027 cnuto!

192 3074 302 3118 verum,
325 3060 356 3124 jd
379 3060 471 3109 estin
492 3059 636 3111 Christum
657 3063 796 3119 nostrum,
817 3073 880 3111 esse
904 3061 1076 3118 credituros,
1094 3059 1316 3112 celeberrimum
1330 3060 1370 3112 est
1387 3038 1433 3102 ἱ)

193 3141 373 3194 sermonibus
394 3140 584 3204 cordibusque
605 3141 748 3204 fidelium
763 3165 775 3186 ιι
794 3143 824 3193 et
840 3141 980 3205 intra(6):
1005 3142 1102 3193 «Cum
1121 3142 1235 3193 venerit
1255 3124 1433 3207 exponen}

193 3222 288 3288 legem
301 3221 500 3287 spiritualiter,
511 3237 595 3285 quam
609 3237 683 3274 nunc
695 3223 775 3287 Iudej
789 3222 944 3274 carnaliter
955 3223 1079 3288 sapiunt,
1089 3225 1303 3276 conuertetcor
1312 3206 1433 3289 patrol

194 3304 232 3355 ad
248 3303 334 3353 filios.
350 3303 396 3354 Sic
408 3304 484 3354 enim
496 3317 546 3354 cor
557 3305 670 3368 patrum
683 3305 718 3355 ad
731 3304 806 3354 lilios
822 3307 1016 3365 conuertetur,
1029 3317 1094 3356 cum
1105 3303 1304 3371 intelligentia
1313 3293 1433 3371 pseud

193 3385 366 3450 perducetur
375 3385 411 3435 ad
423 3384 644 3450 intelligentiam
657 3386 790 3445 filiorum,
805 3387 835 3437 et
843 3398 893 3436 cor
902 3385 1027 3436 illiorum
1039 3386 1074 3438 ad
1085 3387 1183 3451 patres
1196 3400 1310 3453 eornm,
1322 3376 1433 3439 dumlb

193 3467 233 3522 id,
253 3466 329 3528 quod
346 3468 499 3517 senscrunt
515 3465 569 3530 illj,
589 3468 771 3519 consentiunt
789 3469 818 3518 et
835 3468 894 3531 isti.
907 3490 919 3512 ι
933 3467 995 3519 Hec
1007 3466 1101 3534 IIugo.
1120 3467 1238 3519 thnam
1250 3469 1300 3535 istj
1316 3463 1433 3534 Flagel‘

194 3546 302 3599 latores
325 3547 398 3598 bene
422 3547 617 3606 aduerterent,
643 3549 718 3612 quod
740 3549 781 3600 ait
802 3549 967 3601 Bernardus
991 3550 1021 3599 in
1046 3547 1174 3616 Epistola
1198 3549 1240 3601 ad
1265 3550 1417 3607 umam.

194 3629 437 3694 Mequntinensem
451 3628 699 3697 archepiscopum,
712 3630 756 3694 vbj
770 3632 920 3693 quemdam
938 3630 1180 3696 religiosum,un
1195 3632 1262 3698 neci
1277 3632 1420 3687 1uueorun

196 3712 390 3768 consenserat,
403 3710 503 3774 pulcre
518 3711 669 3776 redarguit
680 3712 709 3762 in
722 3711 798 3762 hunc
814 3713 947 3763 modum:
968 3733 980 3753 ι
992 3713 1093 3764 Nonne
1111 3713 1262 3776 copiosius
1274 3713 1423 3781 triumphet

194 3789 324 3842 Ecclesia
336 3792 371 3841 de
384 3791 480 3841 Iudeis
492 3805 544 3855 per
561 3791 690 3858 singulos
702 3794 763 3844 dies
776 3792 822 3844 uel
835 3794 1008 3844 connincens
1021 3792 1067 3844 uel
1081 3796 1262 3848 conuertens
1275 3811 1336 3857 eos,
1349 3809 1424 3864 quem

193 3873 218 3922 si
230 3871 318 3923 semel
332 3874 361 3923 et
374 3870 458 3922 simul
471 3876 653 3925 consumeret
665 3888 714 3925 eos
727 3875 756 3925 in
775 3888 824 3925 ore
837 3874 923 3939 gladij
934 3877 945 3925 l
957 3874 1101 3938 Numquid
1113 3874 1266 3929 incassum
1277 3881 1425 3932 constitute

228 4115 265 4178 (l)
284 4116 298 4163 1
317 4115 362 4166 Ad
380 4113 538 4168 Corinthios
553 4117 579 4178 7,
597 4118 623 4167 5.

232 4194 268 4260 (2)
288 4194 469 4248 Psalmorum
485 4197 528 4255 58,
548 4199 588 4249 12.

229 4277 265 4340 (3)
284 4277 392 4342 Migne,
406 4278 468 4330 deel
483 4280 614 4339 XXXVI,
629 4281 687 4332 kol.
699 4282 758 4332 705.

229 4357 266 4419 (1)
283 4357 328 4408 Ad
346 4359 488 4412 Romanos
507 4361 654 4423 11,25-26.

229 4439 265 4499 (5)
283 4438 326 4501 Bij
340 4439 446 4505 Migne,
461 4441 523 4492 deel
538 4441 702 4501 CLXXVII,
718 4444 777 4495 kol.
792 4443 858 4495 598:
872 4445 922 4497 lib.
936 4445 961 4505 2,
974 4458 1040 4509 pars
1053 4445 1094 4507 17,
1108 4458 1173 4511 cap.
1189 4446 1236 4502 16.

231 4520 267 4585 (6)
284 4519 405 4572 Ibidem.
