3210 5386
566 519 668 572 auno
687 521 750 571 1⁴18
839 586 842 591 Ι
1250 522 1282 572 53

57 683 192 738 nolentes
213 685 347 748 delicere,
366 698 401 738 ex
416 684 530 738 deiectu
548 684 766 737 sustentaeionis
783 684 813 735 in
831 685 1015 750 obprobrium
1032 684 1103 737 cleri
1119 685 1282 738 mendicare

58 765 102 818 rel
112 768 295 821 secularibus
312 768 457 826 insudare,
476 769 577 819 contm
595 781 723 840 normam
740 767 873 832 apostoli,
886 768 953 831 qula
965 788 978 811 κ
990 781 1073 819 nemo
1085 768 1210 820 militans
1222 769 1282 821 Deo

67 850 233 916 seimphcst
243 850 420 904 secularibus
432 851 560 918 negociis
569 852 605 914 (l)
619 873 643 916 n,
657 848 875 916 compelluntur.

27 1030 32 1047 ·-
103 1010 154 1064 Sed
163 1027 216 1064 eur
226 1013 280 1066 hec
291 1013 418 1078 premisi,
437 1014 551 1065 tandem
564 1013 678 1077 aperire
690 1013 805 1064 curabo.

10 1150 13 1156 ,
106 1094 218 1156 lietera,
231 1096 350 1162 prelatis
362 1096 500 1148 docminis
511 1095 707 1147 saluberrimis
720 1109 776 1146 non
790 1093 998 1162 obstantlibnsJ,
1012 1108 1132 1158 quorum
1149 1096 1283 1147 noticiam

25 1180 33 1189 '
87 1177 213 1231 atterum
230 1177 409 1230 intellectum
426 1178 533 1230 habere
553 1177 647 1236 debui,
668 1191 732 1243 ego,
751 1176 898 1229 iohannes
924 1178 959 1229 de
983 1176 1141 1236 Alkmaria,
1162 1177 1283 1230 clericus

10 1277 13 1283 ’
90 1257 256 1314 huecteusia
278 1261 411 1326 diocesis,
427 1260 565 1326 magister
580 1260 611 1311 in
629 1260 737 1311 artibus
754 1260 841 1310 studii
858 1259 1028 1311 Parisiensis
1046 1260 1120 1311 etin
1138 1260 1284 1327 theologia

10 1371 14 1406 ι
90 1341 272 1406 hoealauraus,
291 1344 392 1394 contra
406 1342 560 1407 premissas
577 1342 721 1393 doctrinas
741 1342 934 1393 sanctissimas
955 1343 1095 1405 quandam
1112 1343 1287 1408 scripturam

15 1442 20 1447 ·
92 1425 218 1490 conposui,
238 1439 299 1478 xxx
321 1424 456 1476 articulos
479 1425 682 1483 continentem,
706 1437 762 1487 qua
782 1426 956 1489 persuadere
982 1425 1079 1476 curari
1101 1426 1282 1477 serenissimo

16 1519 22 1530 ·
93 1507 248 1560 eththolico
259 1507 393 1573 principi,
407 1506 520 1559 domino
537 1507 602 1572 regi
618 1505 829 1571 Romanorum,
847 1507 939 1571 primo
951 1508 1142 1571 presentando
1154 1509 1283 1574 eandem,

10 1648 12 1653 .
94 1591 216 1643 adeinde
235 1591 355 1642 eandem
375 1589 520 1641 mansmisi
540 1588 780 1642 excellentissimo
800 1589 923 1655 principi
945 1590 1008 1655 regi
1028 1588 1196 1656 Anglorum,
1217 1589 1285 1643 licet

10 1688 16 1695 ¹
95 1671 148 1724 nulli
170 1673 249 1726 alteri
277 1672 544 1724 communicaverim
568 1673 598 1722 in
621 1673 745 1737 scriptis,
769 1686 823 1724 nec
845 1671 1050 1737 predicavemm
1078 1671 1123 1723 vel
1146 1673 1175 1724 in
1198 1673 1284 1724 scolis

96 1753 225 1821 dmuenm3
248 1756 324 1820 qnod
346 1755 412 1813 leci,
435 1754 536 1806 ductus
564 1753 746 1819 simplicitate
769 1756 856 1807 etex
877 1755 998 1815 malicia,
1023 1755 1142 1807 credens
1163 1754 1284 1808 benero-

96 1834 185 1890 leutian
200 1839 344 1890 tantorum
362 1837 523 1903 principum
540 1849 593 1901 per
610 1836 661 1888 has
677 1838 827 1889 mendaces
838 1837 967 1889 fallacias
979 1838 1127 1902 acquirere
1139 1838 1169 1889 et
1179 1838 1284 1890 exinde

97 1917 251 1984 temporalem
272 1920 536 1984 compensacionem
556 1922 715 1983 reportare,
735 1933 786 1970 nee
804 1933 866 1971 esse
885 1921 956 1971 tanti
972 1919 1093 1984 periculi
1112 1921 1210 1984 quanti
1227 1921 1283 1972 iarn

98 1995 143 2047 lore
155 2000 300 2064 conspicio,
319 1998 470 2063 presertim
486 2011 539 2061 per
556 1997 643 2048 talem
660 1998 818 2049 doctrinam
836 2012 985 2050 erroneam
1005 1999 1046 2050 sic
1066 1998 1285 2063 dampnabiliter

98 2076 194 2144 deceptis
209 2096 260 2134 seu
279 2080 462 2145 decipiendis,
483 2082 632 2145 postquam
653 2081 772 2144 prelatis
794 2082 910 2146 regibus
934 2083 1061 2146 persuasi
1082 2080 1170 2133 licere
1193 2082 1283 2132 eciam

10 2173 38 2231 t'
97 2157 163 2224 laycis
176 2166 285 2216 auterre
297 2167 327 2216 et
339 2177 477 2227 usurpare
494 2162 687 2214 ecclesiastica
705 2163 780 2214 bona
801 2164 978 2228 temporalia,
998 2164 1066 2215 solis
1083 2164 1283 2216 ecclesiasticis

24 2256 41 2282 ¹·
97 2245 224 2310 nmcipata
240 2247 371 2306 dominis,
392 2248 422 2298 et
436 2246 479 2297 eis
490 2246 587 2296 invitis
604 2248 783 2297 contrectare
803 2248 840 2304 et,
858 2247 938 2297 iuxta
955 2247 1049 2296 divim
1065 2247 1187 2311 eloquia,
1205 2247 1283 2299 velut

33 2341 36 2345 ’
99 2335 211 2381 ntmseu
222 2331 283 2382 Deo
295 2328 433 2387 dedicata,
451 2343 508 2379 non
525 2341 593 2379 vero
611 2343 629 2379 a
644 2329 839 2380 sacerdotibus
856 2329 1066 2388 contrectanda,
1084 2330 1281 2395 dispensanda,

40 2415 42 2421 ’
99 2405 290 2464 uuuumnda
306 2414 336 2463 et
352 2411 455 2462 debitis
472 2411 570 2462 usibus
588 2410 762 2475 applicanda,
782 2426 834 2463 nec
849 2409 921 2478 [per]
940 2410 1025 2463 talem
1042 2412 1249 2476 possessionem
1267 2427 1285 2464 a

39 2496 43 2505 ’
99 2487 257 2550 φίιὶῑυιΙίιιω
268 2494 420 2546 vocacione
431 2493 552 2545 distrahi
564 2508 571 2544 τ
583 2494 684 2557 quibus
697 2493 869 2549 altissimus,
884 2494 1008 2544 omnium
1026 2494 1163 2557 prescius,
1178 2514 1191 2535 ·
1205 2494 1287 2545 dedit

98 2572 203 2636 paones
213 2577 356 2642 gencium,
368 2578 401 2627 ut
412 2576 524 2627 labores
541 2575 711 2640 populorum
723 2576 903 2640 possiderent
914 2576 943 2626 et
955 2575 1132 2628 custodirent
1148 2576 1285 2627 iustihca-

11 2660 22 2679 ⁴
98 2650 166 2706 tiones
176 2659 232 2710 eius
243 2661 274 2711 et
284 2659 379 2725 legem
391 2660 452 2711 eins
464 2658 645 2722 requirerent
654 2659 690 2722 (2)
703 2682 727 2708 η.
740 2659 777 2709 Et
788 2659 855 2721 quia
866 2671 930 2723 ego,
943 2657 1084 2710 Iohannes
1095 2659 1283 2722 supradictus,

38 2736 40 2741 '
94 2735 182 2801 ensa
195 2742 267 2792 meis
287 2742 317 2792 in
334 2741 455 2792 dirersis
472 2740 602 2805 passibus
624 2743 653 2792 in
674 2741 828 2805 premissos
848 2754 961 2792 errores
981 2740 1103 2790 coincidi
1123 2753 1228 2803 eosque
1249 2741 1284 2792 de

94 2813 177 2873 directo
197 2823 354 2888 approbare
375 2825 404 2875 et
420 2824 576 2875 iustificare
595 2824 736 2882 contendi,
756 2824 786 2875 et
805 2824 956 2888 presertim
973 2824 1002 2873 in
1021 2837 1055 2875 ea
1071 2825 1162 2888 parte,
1181 2823 1284 2886 inqua

93 2901 165 2955 sano
174 2905 202 2957 in
211 2907 268 2958 tine
279 2906 366 2970 primi
378 2905 492 2957 articuli
505 2907 611 2966 lucato,
623 2906 777 2971 sophistico
791 2907 820 2958 et
831 2905 926 2958 lallaci
938 2906 1078 2969 exquisito
1090 2904 1197 2965 colore,
1210 2905 1285 2969 quod

93 2979 225 3039 ¹Tollatur
249 2988 286 3039 ab
308 2987 439 3039 omnibus
466 2987 665 3040 ecclesiasticis
685 2988 887 3052 cuiuscumque
907 2988 997 3039 status
1022 2989 1071 3039 aut
1094 3001 1179 3039 sexus
1202 3000 1285 3040 omne

92 3061 225 3132 staporale
242 3069 410 3130 dominium,
428 3071 495 3134 qnia
511 3084 545 3123 eo
562 3070 757 3135 impediuntur
774 3071 876 3122 divinis
893 3084 1003 3132 vacare,
1022 3084 1110 3134 aquo
1128 3071 1285 3130 exonerati,

88 3150 233 3214 &aedicius
242 3152 440 3218 spiritualibus
452 3155 628 3205 deservirent
643 3177 667 3211 u,
686 3153 784 3205 dolose
801 3168 856 3205 non
874 3155 1021 3206 attendere
1038 3167 1084 3206 me
1096 3152 1286 3211 dissimulans,

86 3232 242 3294 quodetiam
261 3235 380 3301 regibus
401 3238 431 3288 et
450 3236 626 3300 principibus
645 3236 675 3286 in
699 3234 764 3301 lege
785 3236 898 3287 Domini
915 3235 1102 3300 prohibetur:
1122 3256 1135 3277 u
1148 3236 1212 3287 Non
1229 3236 1287 3286 iur-

82 3314 134 3367 iam
151 3317 237 3369 lacios
254 3321 304 3369 aut
322 3319 460 3382 rapinam,
473 3340 485 3361 n
504 3320 533 3369 et
550 3319 625 3381 quod
642 3331 697 3369 non
716 3320 783 3369 sunt
802 3319 895 3370 flenda
912 3318 987 3370 mala
1002 3319 1127 3383 propria,
1148 3318 1235 3370 etiam
1255 3318 1287 3368 ut

10 3396 14 3407 '
77 3394 139 3450 inde
153 3400 268 3451 veniant
283 3400 359 3450 bona
376 3399 478 3460 aliena,
492 3413 543 3451 nec
556 3414 611 3451 non
629 3401 705 3464 quod
723 3402 781 3452 tam
798 3401 967 3453 sceleratum
979 3401 1089 3452 lacinus
1109 3400 1286 3452 committere

75 3480 175 3533 nedum
191 3482 299 3533 lurtum
316 3495 367 3534 seu
384 3482 485 3546 rapina
501 3483 647 3541 existeret,
666 3483 716 3535 sed
728 3483 814 3534 etiam
826 3482 1008 3549 sacrilegium
1025 3496 1112 3548 grave
1122 3483 1152 3533 in
1164 3482 1288 3547 prelato·

71 3574 137 3615 rum
154 3563 346 3628 imperatoris,
367 3565 446 3630 regis
467 3565 496 3616 et
514 3563 660 3628 laycorum
680 3564 781 3617 salutis
802 3565 990 3629 dispendium,
1009 3565 1111 3628 quibus
1128 3565 1215 3615 etiam
1232 3578 1288 3614 non

67 3645 265 3698 remitteretur
289 3649 448 3711 peccatum,
472 3647 527 3697 nisi
549 3647 629 3711 prius
650 3649 853 3700 restitueretur
876 3647 1013 3712 ablatum3
1036 3647 1085 3698 ubi
1110 3647 1290 3698 continenter

67 3728 185 3780 iniero:
203 3748 217 3771 a
231 3727 268 3780 Et
284 3731 325 3790 tu,
344 3730 442 3782 sancte
459 3729 624 3793 imperator,
637 3731 792 3781 seeundum
803 3731 918 3782 modum
933 3730 1081 3781 meliorem
1098 3729 1128 3780 et
1144 3728 1289 3780 utiliorem

67 3810 194 3864 salutem
205 3811 341 3863 dominici
353 3810 460 3876 populi,
474 3811 600 3863 dominia
618 3811 793 3877 temporalia,
807 3826 859 3877 per
875 3826 924 3864 eos
942 3814 1087 3877 occupata,
1101 3813 1177 3863 terre
1195 3812 1244 3862 tue
1254 3811 1290 3876 (3)

67 3895 119 3948 aut
145 3893 309 3945 civitatibus
334 3893 585 3958 principalioribus
610 3896 660 3946 aut
683 3894 860 3959 principibus
883 3895 941 3946 illis
964 3895 1149 3946 vicinioribus
1171 3893 1290 3960 dignan-

65 3980 113 4030 ter
137 3976 326 4028 committe.»
355 3977 476 4041 Insuper
498 3977 574 4028 idem
603 3978 743 4028 contendo
772 3975 921 4029 consulere
949 3978 979 4028 et
1005 3978 1178 4042 persuadere
1206 3977 1288 4029 ellec-

65 4058 198 4117 tualiter,
221 4057 292 4110 licet
312 4072 365 4124 per
386 4057 444 4110 alia
470 4058 565 4119 rerba,
583 4059 613 4110 in
633 4059 761 4111 articulis
785 4072 852 4119 xvu,
879 4072 955 4125 xuni,
981 4073 1051 4122 xxn,
1076 4073 1134 4111 xxv
1159 4061 1189 4111 et
1210 4071 1287 4111 xxm.

64 4141 197 4204 Ideoque
224 4140 341 4193 eosdem
368 4139 515 4205 articulos,
540 4140 569 4190 in
602 4140 679 4192 dicta
707 4154 772 4194 mea
798 4141 941 4206 scriptura
968 4143 1125 4202 contentos,
1156 4141 1289 4204 tanquam

97 4438 141 4501 (l)
157 4435 175 4485 2
194 4433 353 4499 itm.11,s.

99 4520 140 4583 (2)
159 4516 269 4570 Pselm.
283 4518 339 4576 GV,
351 4518 392 4577 44,
405 4518 449 4569 45.

100 4603 143 4667 (3)
160 4599 220 4652 ΗΒ.
232 4599 349 4652 trotino.
