3164 5386
194 482 241 536 iao
691 483 795 538 ANNO
813 484 876 535 1483

226 649 285 701 Nos
303 662 372 701 sane
394 649 495 701 horum
518 650 642 701 virorum
666 648 822 715 diligentiis
842 649 958 710 inducti,
979 662 1048 713 quas
1068 649 1106 700 ad
1130 663 1186 700 nos
1210 651 1391 716 propositiones

191 731 316 790 misistis.
329 745 386 783 una
396 732 499 784 ceteris
511 746 574 783 cum
586 732 700 797 scriptis
718 732 948 783 examinavimus.
960 731 1073 786 Verum.
1087 734 1157 796 post
1175 746 1297 798 magnos
1310 733 1390 783 varios

192 826 245 878 que
257 827 308 878 per
325 829 376 865 nos
392 815 537 879 susceptos
554 813 676 873 labores,
687 828 744 872 ces,
757 828 827 878 quas
839 814 967 872 dicimus,
980 814 1208 880 propositiones,
1218 813 1392 881 theologorum

190 910 225 948 ex
242 909 320 948 more
332 896 517 960 qualificatus.
530 897 581 948 sub
599 897 690 948 nostri
707 895 805 948 bidelli
823 898 908 960 atque
924 896 1017 948 scribe
1033 895 1150 961 publico
1171 897 1390 949 instrumentosl

189 980 296 1030 vestras
313 978 467 1045 dignitates
483 979 664 1041 remtttimus‚
682 993 731 1030 voa
748 991 921 1045 magnopere
939 979 968 1029 in
985 977 1098 1030 Christo
1115 979 1191 1031 lesu
1209 982 1392 1036 exorsum

188 1063 281 1112 vestro
301 1062 331 1113 in
350 1060 454 1126 populo
477 1061 700 1113 modificationes
722 1061 807 1126 ipsas,
827 1074 880 1126 per
899 1075 950 1112 nos
969 1074 1082 1126 magno.
1101 1063 1135 1112 ut
1155 1061 1295 1120 diximus.
1314 1061 1392 1113 labore

187 1144 339 1206 coniectas.
359 1156 412 1208 per
438 1144 536 1194 doctos
556 1145 633 1194 viros
659 1144 693 1195 ad
719 1143 810 1194 nostri
833 1143 986 1194 salvatoris
1011 1142 1204 1209 gloriamsi
1222 1158 1274 1196 sue
1296 1143 1394 1195 seusus

186 1224 338 1277 utilitatem
355 1228 439 1289 atque
457 1225 607 1277 ierarchici
620 1226 728 1277 ordinis
740 1224 877 1278 honorem
889 1225 1042 1291 populique
1053 1224 1179 1276 mutem
1191 1225 1309 1291 publice
1319 1226 1394 1292 predi·

186 1320 252 1360 oare
273 1308 384 1360 iacietis
405 1322 457 1361 uec
476 1311 570 1360 vestro
591 1310 620 1360 in
644 1310 771 1373 tempore
793 1322 809 1359 a
828 1309 922 1373 prav'u
943 1308 1105 1359 hominibus
1128 1322 1233 1360 sanam
1256 1308 1395 1360 doctrinm

185 1389 340 1442 christiano
362 1391 392 1442 in
412 1390 517 1456 populo
537 1390 697 1442 conculcari
717 1392 874 1456 patiamini.
899 1390 962 1441 Erit
984 1391 1095 1442 demum
1117 1391 1203 1442 vobis
1225 1405 1337 1456 semper
1354 1390 1397 1442 hec

187 1485 268 1524 sacra
286 1472 405 1524 iacultas
425 1474 460 1525 ad
479 1475 632 1538 prestanda
652 1472 758 1525 auxilia
777 1474 887 1540 ingenti
906 1473 999 1524 studio
1020 1475 1104 1535 atque
1125 1472 1231 1525 labore
1247 1476 1354 1538 parata.
1370 1472 1399 1523 lii

187 1553 279 1606 valcat
306 1569 419 1620 semper
440 1555 511 1607 ielix
532 1555 610 1607 clara
632 1557 736 1608 virtute
760 1559 844 1619 atquo
867 1556 996 1607 doctrina
1023 1555 1137 1620 predita
1164 1558 1268 1608 vestra
1295 1554 1401 1608 ecclesia

187 1636 307 1702 insignis
322 1638 431 1702 pariter
447 1639 477 1689 et
493 1639 572 1690 cetus
589 1639 776 1690 venerandus.

218 1719 261 1770 Ex
287 1721 383 1771 nostm
408 1721 630 1786 congregatione
658 1720 786 1786 generali
815 1721 888 1784 apud
916 1720 1048 1771 Sanctum
1074 1719 1256 1772 Maturinum
1286 1720 1402 1771 Parisios

184 1801 349 1854 solemniter
376 1802 529 1864 celebrata,
558 1803 679 1868 septima
703 1803 809 1856 mensis
837 1802 985 1854 Februarii
1007 1817 1080 1854 anuo
1109 1803 1232 1855 Domini
1260 1802 1402 1855 millesimo

187 1883 464 1950 quadringentesimo
483 1886 676 1952 octuagesimo
694 1886 827 1939 secundo.

217 1965 367 2018 adomnia
382 1968 460 2019 vobis
477 1970 560 2035 grata
577 1969 759 2033 paratissimi.
778 1970 900 2020 decanus
912 1969 941 2021 et
951 1967 1070 2020 incultas
1088 1966 1240 2034 theologie
1252 1970 1283 2020 in
1299 1969 1403 2020 unirer·

187 2046 272 2100 ritate
285 2048 449 2102 Parisiensi.

1061 2116 1241 2169 Ammoni.

446 2231 564 2283 Archici
583 2233 635 2284 der
655 2231 815 2284 hooidlrerlr
835 2234 863 2283 ts
882 2231 1019 2288 noeroil,
1039 2228 1198 2284 Cartaloirc
1218 2230 1257 2295 θ,
1277 2230 1331 2282 iol.
1351 2231 1404 2294 1593

478 2314 632 2380 algedrulst
653 2314 690 2379 bij
715 2315 749 2365 P.
773 2313 953 2372 Demeuldre.
977 2313 1063 2366 Frerc
1082 2311 1156 2367 leon
1179 2312 1297 2381 angeli,
1321 2314 1404 2366 inde

476 2394 611 2448 Bulletbis
632 2396 667 2448 de
690 2395 718 2448 lo
743 2395 923 2449 Οογιιηιίιιίοιι
947 2395 1043 2464 royole
1064 2394 1219 2458 d'bitteirc,
1243 2396 1288 2447 5⁴·
1310 2400 1401 2455 reelrs.

476 2478 538 2530 decl
551 2478 628 2538 VIII,
642 2479 695 2530 blz.
709 2479 829 2529 355-356.
842 2480 933 2531 -zie
950 2480 1004 2531 den
1020 2479 1096 2530 tehst
1112 2479 1165 2530 der
1181 2481 1402 2548 veroorueeung

473 2560 500 2623 (5
512 2558 659 2623 Februari)
671 2562 700 2611 in
715 2559 820 2628 Corpus
829 2561 853 2619 Ι,
866 2560 919 2612 bia.
932 2560 1052 2621 iiiiii&
1062 2574 1097 2612 en
1109 2559 1147 2620 11,
1160 2559 1215 2612 blz.
1228 2561 1291 2617 391.

680 2781 736 2847 ee
762 2777 896 2863 (arae).

232 2984 336 3056 1483,
357 2976 537 3045 Februari
558 2985 613 3055 18,
634 2979 753 3044 Rome.
774 2982 874 3042 Breve
891 2997 954 3042 van
975 2996 1054 3058 paus
1070 2979 1180 3042 Sixtus
1197 2982 1256 3056 iv,
1279 2981 1398 3062 gericht

178 3080 227 3143 tot
252 3079 311 3141 den
335 3078 438 3142 dekcn
462 3097 502 3141 en
526 3079 565 3142 de
590 3080 889 3158 parochiepastoors
913 3096 975 3141 van
1001 3080 1083 3141 Geni
1104 3095 1182 3141 over
1198 3079 1257 3142 het
1281 3081 1396 3161 geschil

176 3178 325 3240 tussohen
341 3178 401 3241 deu
419 3179 606 3257 magistraat
626 3195 665 3240 en
682 3178 720 3240 de
733 3178 967 3240 Predikheeren
983 3193 1170 3256 opgerezeu.
1195 3211 1239 3224 -
1259 3183 1307 3242 De
1322 3197 1397 3259 paus
1420 3200 1432 3223 ·

178 3279 283 3338 neemt
307 3276 361 3338 het
386 3293 426 3354 op
451 3293 531 3341 voor
556 3277 630 3339 dene
652 3277 789 3339 laatsten
806 3294 846 3339 en
862 3276 959 3339 drukt
974 3276 1056 3353 zijne
1072 3276 1322 3357 verwoudering
1338 3279 1392 3352 uit,

179 3373 234 3436 dat
250 3374 288 3436 de
300 3376 446 3452 pastoors
463 3376 501 3437 de
517 3376 632 3455 heilige
649 3376 828 3439 communie
844 3375 965 3437 hebben
982 3374 1158 3453 uitgedeeld
1176 3391 1240 3437 ann
1258 3377 1299 3440 de
1311 3377 1395 3440 leden

179 3489 241 3534 van
258 3472 319 3535 den
335 3475 512 3537 Gentschen
536 3477 736 3553 magistram,
758 3474 807 3536 die
833 3474 870 3536 de
887 3473 1122 3536 Predikheeren
1137 3473 1264 3537 hebben
1285 3477 1394 3556 gebop·

177 3571 330 3634 cotteerd.
346 3575 391 3634 De
407 3591 486 3651 paus
502 3574 587 3652 geeit
604 3573 691 3635 bevel
709 3573 748 3635 de
764 3573 998 3636 Predikheereu
1016 3574 1049 3634 in
1066 3573 1104 3636 de
1120 3573 1393 3650 parochielrerheu

176 3670 227 3732 toi
251 3669 306 3732 hei
329 3670 455 3733 houden
479 3688 542 3734 van
566 3687 752 3735 sermoenen
777 3674 830 3736 toe
854 3674 887 3733 ie
911 3672 998 3733 laten
1023 3688 1062 3734 en
1088 3671 1316 3737 daerenboven
1339 3673 1392 3736 deu

175 3768 364 3846 magistraat
379 3771 429 3832 tot
454 3769 639 3849 intrekhing
663 3771 765 3849 zijner
789 3770 980 3849 maatregels
997 3772 1030 3833 te
1047 3787 1233 3835 vermanen.
1254 3773 1394 3854 Weigert

177 3865 235 3944 hij,
255 3865 316 3930 dan
329 3867 379 3929 zal
392 3868 431 3931 de
446 3886 526 3947 paus
543 3872 670 3949 strenge
686 3870 877 3949 maatregels
889 3886 1014 3931 nemen.
1069 3922 1075 3932 .

208 4020 302 4073 sixtus
328 4035 401 4089 papa
428 4022 485 4075 1111
514 4022 617 4075 dilecto
646 4022 705 4075 filio
736 4024 842 4076 decano
873 4023 1088 4075 christianitatis
1119 4036 1153 4074 ao
1182 4027 1296 4078 sumtis
1325 4025 1395 4094 opidi

176 4103 341 4156 (laudensis.

101 4177 106 4185 '
207 4184 307 4238 Dilecti
325 4186 387 4248 illii,
406 4187 535 4239 salutem.
554 4188 585 4240 Id
599 4189 742 4255 fidedigna
759 4188 903 4240 relacione
921 4189 1079 4248 didicimus.
1092 4190 1178 4253 quod,
1191 4189 1264 4245 licet
1274 4193 1307 4246 in
1319 4194 1396 4260 opido

174 4268 314 4320 (laudensi
326 4272 426 4321 contm
439 4271 552 4335 pietatis
569 4284 665 4335 opera,
684 4272 736 4323 Dei
755 4271 904 4330 honorem,
923 4271 1042 4323 ecclesie
1060 4271 1227 4326 libertatem
1245 4280 1277 4328 et
1294 4278 1398 4330 anima·

174 4364 237 4401 rum
248 4349 378 4409 salutem.
391 4366 445 4415 quc
457 4366 492 4403 ex
505 4353 602 4404 auditu
620 4354 700 4404 verbi
717 4354 770 4405 Dei
789 4355 889 4413 orttur.
903 4353 1017 4419 publico
1035 4354 1128 4405 edicto
1146 4355 1200 4407 sub
1219 4361 1313 4412 certis
1323 4361 1398 4427 penis

172 4432 303 4484 inibitum
319 4434 357 4485 sit
373 4432 487 4498 populo,
500 4448 536 4486 nc
552 4436 673 4486 fratrum
690 4436 905 4488 Predicatorum
922 4435 983 4487 illic
1001 4436 1101 4488 devote
1122 4437 1293 4495 vivencium
1309 4444 1400 4496 (lirina

174 4512 506 4582 officia[trequentarcnt]
516 4516 558 4569 vel
569 4517 611 4570 eis
620 4516 788 4570 elemosinas
797 4518 1032 4585 elargirentur,in
1042 4520 1204 4575 animarum
1215 4539 1278 4580 non
1287 4540 1400 4595 parvum
