3210 5386
599 519 704 572 ANNO
723 520 787 571 1319
1275 523 1309 573 35

108 674 139 727 Si
157 678 252 729 autem
271 681 417 742 queratur,
436 693 491 742 que
509 680 567 731 sint
587 680 638 733 ille
661 681 752 748 leges,
773 685 930 735 cerimonia
950 697 1001 736 seu
1022 685 1214 745 obseruantie,
1238 698 1309 748 quas

72 758 241 818 obseruant‚
254 762 414 825 respondeo
432 775 481 813 eas
499 765 541 813 tot
559 776 633 825 esse,
647 764 723 827 quod
741 779 840 817 omnes
858 765 1003 830 explicare
1017 766 1169 828 nescirem,
1182 767 1307 817 attamen

71 838 151 891 inter
163 844 261 892 cetera
273 841 303 890 13
315 842 513 896 obseruantias
524 843 631 909 recolo,
645 858 716 908 quas
729 849 829 899 tenent
839 861 892 912 pro
906 848 1021 898 statutis
1034 852 1062 898 et
1074 846 1187 912 legibus
1200 863 1207 898 ε

106 921 207 972 Primo
228 923 344 986 quidem
363 924 470 978 habent
488 927 517 975 5ο
536 927 579 991 suj
601 928 693 978 status
713 928 840 993 insignia
860 930 895 980 ab
916 928 980 992 allis
1004 930 1149 991 tamquam
1172 929 1304 994 Pharisej

71 1003 171 1064 diuisi,
189 1004 301 1056 scilicet
317 1011 425 1058 vestem
442 1008 556 1066 lineam,
577 1010 797 1063 descendentem
815 1024 832 1062 a
848 1011 966 1062 renibus
985 1024 1074 1073 usque
1087 1011 1122 1060 ad
1134 1012 1231 1074 pedes,
1251 1025 1307 1074 qua

69 1086 191 1136 vtuntur
207 1088 295 1137 certis
313 1089 496 1153 temporibus.
514 1091 647 1143 baculum
664 1106 715 1143 seu
734 1091 903 1153 burdonem,
921 1091 1099 1156 mantellum,
1119 1092 1148 1141 in
1166 1106 1222 1155 quo
1241 1096 1307 1145 ante

68 1169 100 1216 et
117 1168 199 1218 retro
216 1168 307 1220 burdo
325 1169 453 1235 depictus
470 1175 523 1235 est,
542 1173 661 1237 pilleum
679 1176 708 1225 et
725 1174 866 1236 quandam
884 1172 1038 1239 virgulam,
1058 1175 1087 1223 in
1107 1187 1164 1237 qua
1180 1175 1308 1238 pendent

67 1247 84 1296 3
97 1247 144 1299 vel
156 1248 173 1298 4
184 1251 311 1316 corrigie
322 1253 384 1304 siue
396 1254 527 1319 iuniculj,
540 1255 680 1307 habentes
691 1256 721 1306 in
734 1256 791 1307 tine
806 1256 896 1306 nodos
908 1254 1063 1306 aculeatos.

103 1329 196 1383 Simul
213 1335 380 1399 congregat]
399 1335 481 1400 multj
495 1337 530 1388 de
542 1351 597 1388 vna
608 1336 677 1388 villa
689 1337 894 1402 circu[m]eunt
904 1350 956 1402 per
968 1336 1039 1388 alias
1057 1335 1140 1388 villas
1151 1335 1184 1387 30
1196 1337 1305 1396 diebus,

67 1425 172 1464 cruces
184 1417 215 1466 et
226 1415 331 1467 vexilla
342 1418 500 1481 portantes.

100 1495 142 1554 3⁰,
166 1496 295 1548 ieiunant
318 1497 446 1561 qualibet
468 1499 514 1552 die
539 1501 668 1558 Veneris.
695 1503 857 1554 asserentes
881 1515 937 1551 non
962 1501 1092 1552 ieiunare
1116 1501 1162 1552 die
1184 1500 1305 1551 Veneris

67 1589 136 1627 esse
147 1580 295 1641 peecatum
307 1579 426 1632 cuilibet
437 1580 606 1633 christiano.

103 1655 225 1717 Quarto,
248 1659 376 1722 qualibet
399 1663 445 1714 die
468 1663 522 1721 bis,
547 1664 614 1728 nudj
637 1677 654 1714 a
673 1664 791 1715 renibus
812 1666 842 1714 ct
865 1676 958 1728 supra.
982 1664 1011 1714 in
1035 1663 1107 1714 locis
1131 1662 1254 1727 publicis
1274 1677 1305 1715 se

69 1738 223 1805 flagellant
239 1755 303 1792 cum
321 1744 455 1810 corrigiis
471 1746 646 1806 memoratis,
659 1747 746 1798 certis
758 1747 845 1798 etiam
863 1746 971 1797 vicibus
989 1759 1020 1796 se
1037 1746 1252 1810 prosternentes
1269 1745 1305 1795 ad
1328 1775 1331 1780 -

68 1822 191 1872 terram.

101 1901 218 1962 Quinto,
247 1905 279 1955 in
305 1905 467 1973 huiusmodj
497 1908 693 1975 flagellatione
722 1923 754 1961 se
779 1908 947 1974 percutiunt
975 1922 1064 1973 usque
1093 1910 1129 1960 ad
1157 1909 1305 1975 sanguinis

67 1984 249 2045 effusionem,
261 1986 336 2038 hanc
347 1989 408 2040 Deo
420 1989 535 2055 placere
552 1992 695 2056 putantes,
714 1989 824 2043 similes
841 1990 1039 2042 sacerdotibus
1058 1991 1138 2048 Baal,
1152 1992 1187 2042 de
1201 1991 1303 2055 quibus

66 2063 211 2131 legitur3
232 2069 337 2136 Regum
356 2068 387 2119 18
398 2070 444 2133 (l),
463 2071 549 2134 quod,
567 2072 735 2123 inuocantes
765 2072 850 2122 deum
879 2084 962 2122 suum
987 2070 1067 2128 Baal,
1086 2070 1251 2122 incidebant
1272 2083 1304 2121 se

65 2146 172 2198 culmis
190 2149 276 2212 atque
295 2149 448 2216 lanceolis3
470 2153 545 2215 quod
566 2153 629 2217 fler]
653 2151 766 2204 diabolo
787 2152 944 2218 instigante
966 2151 1042 2202 haud
1061 2151 1179 2202 dubium
1199 2153 1251 2211 est,
1273 2154 1304 2202 vt

66 2230 149 2280 enim
172 2230 242 2282 dicit
264 2233 402 2298 magister
424 2233 454 2285 in
477 2233 606 2298 historiis
629 2247 716 2299 super
736 2232 787 2284 illo
810 2247 896 2298 passu
921 2245 929 2282 ε
954 2252 966 2274 u
981 2234 1124 2285 Demones
1147 2232 1302 2298 plurimum

66 2310 251 2363 delectantur
277 2313 307 2364 in
337 2314 475 2367 effusione
504 2317 654 2380 sanguinis
684 2316 820 2376 humani;
845 2338 857 2360 n
887 2316 919 2366 ut
948 2315 1018 2365 dicit
1048 2316 1136 2366 etiam
1164 2315 1304 2379 magister

66 2391 229 2445 Nicholaus
252 2396 287 2446 de
311 2395 379 2447 Lira
400 2397 430 2447 in
459 2397 575 2461 postilla
598 2411 651 2449 sua
675 2397 811 2449 ibidem:
837 2416 849 2438 a
863 2397 896 2447 In
922 2396 1026 2447 talibus
1050 2396 1186 2448 demones
1209 2395 1304 2448 solent

65 2474 138 2525 dare
163 2488 312 2540 responsa.
334 2501 347 2524 n
365 2478 515 2536 Ysidorus.
535 2478 698 2531 Etbicomm
724 2478 799 2529 libro
821 2478 846 2538 8,
865 2492 928 2543 cap.
946 2477 963 2526 9
984 2492 991 2528 ε
1015 2498 1028 2521 α
1053 2480 1159 2529 Amare
1184 2477 1303 2544 sangui-

65 2569 135 2607 nem
156 2557 291 2609 demones
311 2560 477 2620 creduntur,
499 2561 631 2624 ideoque,
653 2561 785 2624 quotiens
803 2560 997 2625 nigromantia
1028 2560 1070 2619 iit,
1097 2573 1183 2610 cruor
1208 2557 1304 2622 aliqua

63 2638 216 2696 miscetur,
229 2642 261 2689 ut
272 2639 368 2692 colore
381 2642 530 2707 sanguinis
542 2641 655 2692 iacilius
667 2643 871 2706 producentur.
884 2665 897 2686 ι

100 2720 200 2782 Sexto,
213 2721 279 2771 dum
292 2735 324 2773 se
333 2723 481 2788 flagellant
497 2724 527 2774 in
546 2724 617 2773 ioris
637 2722 683 2774 uel
701 2722 765 2787 alijs
782 2722 853 2773 locis
870 2721 1002 2787 publicis,
1016 2722 1179 2773 admodum
1195 2720 1300 2774 choree

65 2801 205 2865 ordinati,
224 2802 329 2855 habent
346 2803 506 2856 cantores3
522 2804 568 2855 vel
584 2804 602 2853 4
619 2805 654 2855 de
672 2805 752 2869 ipsis,
771 2804 818 2868 quj
838 2804 975 2867 quasdam
992 2802 1160 2865 cantilenas,
1177 2816 1247 2866 quas
1265 2802 1301 2854 de

63 2883 191 2934 materia
210 2883 294 2935 huius
310 2886 469 2948 penitentie
486 2886 718 2951 composuerunt,
736 2887 853 2936 cantant
869 2899 921 2950 per
938 2898 1047 2945 versus,
1065 2885 1127 2934 tota
1142 2896 1300 2950 congrega·

63 2965 148 3016 tione
160 2964 195 3015 ad
207 2978 320 3016 versum
333 2966 489 3030 quemlibet
500 2967 703 3032 respondente.

100 3046 241 3110 Septimo,
260 3048 328 3098 dum
344 3049 454 3098 iaciunt
470 3062 550 3099 suam
571 3048 769 3113 penitentiam,
787 3047 812 3099 si
829 3045 934 3098 mulier
953 3047 1043 3098 intrat
1062 3046 1139 3097 inira
1155 3046 1300 3110 choream,

62 3129 204 3192 reputant
214 3141 295 3179 suam
308 3130 495 3194 penitentiam
507 3131 714 3195 prophanatum
725 3142 788 3182 esse
800 3132 830 3181 et
841 3143 904 3182 eam
915 3131 1065 3181 resumunt
1077 3142 1094 3178 a
1105 3129 1208 3193 capite.

98 3208 220 3273 Octauo,
233 3211 258 3260 si
270 3212 418 3276 contingat
431 3225 481 3263 eos
492 3225 608 3264 manere
620 3212 650 3262 in
662 3225 718 3262 vna
728 3210 798 3262 villa
813 3210 944 3276 pluribus
962 3210 1072 3270 diebus,
1087 3211 1211 3275 oportet,
1226 3209 1302 3272 quod

63 3290 191 3354 quilibet
217 3294 309 3343 mutet
336 3292 495 3358 hospicium
524 3292 652 3357 qualibet
680 3292 737 3351 die,
767 3306 824 3343 non
850 3290 1010 3344 recolentes
1039 3290 1156 3343 verbum
1181 3290 1299 3354 Christi.

63 3369 175 3424 Matheo·
197 3369 228 3421 10
239 3387 300 3437 cap.
315 3373 370 3436 (2):
394 3396 406 3415 ·
422 3373 455 3426 In
477 3387 683 3439 quamcumque
704 3375 850 3425 ciuitatem
871 3376 921 3424 aut
940 3371 1089 3423 castellum
1109 3372 1299 3432 intraueritis,

63 3455 247 3518 interrogate
265 3456 329 3518 quis
346 3455 376 3505 in
393 3469 428 3506 ea
445 3456 548 3521 dignus
565 3457 611 3515 sit,
629 3456 658 3508 et
675 3455 714 3519 ibi
733 3457 856 3519 manete,
875 3455 966 3506 donec
984 3454 1107 3516 exeatis;
1122 3476 1135 3498 n
1153 3453 1199 3517 vbj
1219 3453 1301 3519 glosa

64 3534 284 3586 interlinearis:
304 3557 316 3577 ι
330 3549 387 3587 non
406 3538 450 3587 est
467 3537 661 3588 cursitandum
679 3550 732 3602 per
744 3536 856 3597 domos,
870 3559 882 3580 ·
896 3537 926 3587 et
938 3534 996 3586 alia
1011 3533 1094 3601 glosa
1109 3533 1278 3600 marginalis
1293 3547 1300 3583 ι

65 3637 79 3658 ·
92 3615 161 3666 ideo
183 3616 282 3668 domus
303 3616 438 3682 eligenda
457 3620 510 3679 est,
532 3620 565 3670 ut
583 3619 711 3682 mutand]
733 3618 852 3682 hospicii
871 3617 1146 3680 necessitudinisque
1168 3614 1301 3666 violande

63 3710 156 3748 cansa
166 3710 223 3748 non
235 3700 376 3763 suppetat.
392 3722 404 3744 n

99 3778 197 3842 Nono,
209 3778 367 3832 salutantes
385 3779 519 3832 honestas
535 3792 674 3845 personas
692 3794 749 3831 non
767 3781 914 3845 deponunt
925 3794 991 3830 suos
1003 3777 1117 3844 pilleus,
1128 3778 1186 3828 imo
1203 3778 1298 3837 eiiam,

64 3860 145 3924 quod
161 3861 243 3924 peius
261 3863 316 3925 est,
334 3876 398 3912 cum
416 3874 519 3926 corpus
539 3860 646 3913 Christi
667 3860 808 3926 eleuatur,
827 3876 894 3912 suos
911 3859 1015 3926 pilleos
1032 3860 1067 3910 de
1084 3859 1225 3924 capitibus
1244 3872 1300 3909 non

63 3943 224 4005 deponunt.

100 4024 231 4086 Decimo,
244 4038 309 4075 cum
326 4025 439 4076 suntin
456 4037 563 4084 mensa,
581 4038 638 4075 non
654 4025 775 4089 possunt
791 4037 894 4089 panem
913 4023 1074 4086 comedere,
1092 4023 1148 4073 nisi
1165 4022 1246 4087 panis
1262 4022 1301 4072 sit

64 4107 179 4158 tractus
191 4106 226 4156 ab
239 4104 305 4157 alio.

98 4187 269 4250 vndecimo,
279 4186 420 4238 abluendo
438 4200 538 4238 manus
556 4201 614 4238 non
630 4188 751 4252 possunt
767 4199 869 4250 aquam
885 4185 1006 4237 tundere
1019 4197 1105 4250 super
1116 4197 1227 4241 manus,
1240 4183 1300 4240 sed,

63 4267 148 4335 peluj
162 4267 216 4332 sibj
230 4268 266 4319 ad
278 4270 384 4320 terram
395 4269 499 4333 posita,
512 4269 648 4334 mergunt
658 4281 759 4320 manus
770 4268 800 4318 in
813 4281 925 4331 aquam.

100 4449 142 4511 (1)
159 4449 176 4498 3
189 4448 296 4512 nepum
309 4448 349 4505 rs,
363 4447 404 4499 aa.

100 4529 142 4591 (2)
160 4526 298 4582 Mnemon·
316 4527 357 4589 ιο,
378 4530 416 4580 ll.
