3210 5386
343 128 389 182 108
856 124 959 180 ANNO
978 124 1042 176 1460

339 291 436 342 docuit
455 290 559 342 multos
581 291 665 354 atque
684 289 843 341 introduxit
863 289 891 340 in
915 290 1030 354 sectam,
1054 289 1127 341 iuste
1149 288 1346 340 misericordia
1369 287 1492 340 ecclesie
1509 285 1555 339 tali

339 374 505 440 denegatur.
526 373 615 426 oolam
637 385 689 437 pro
711 373 803 437 prima
824 373 894 424 viee.
912 371 957 424 lta
973 385 1040 424 vero
1058 371 1112 422 luit
1130 373 1159 422 in
1177 386 1244 424 casu
1264 373 1356 436 prime
1380 370 1556 423 execucionis

337 457 429 519 quoad
441 469 538 508 omnes
552 469 611 508 sex.
625 455 660 506 Et
670 459 735 520 post
746 453 836 506 multa
846 454 903 506 alia
914 456 997 520 signa
1008 467 1058 506 sue
1070 455 1282 519 impeniteneie‚
1295 468 1350 518 que
1369 453 1557 519 agnoscebant

335 540 452 598 iudices,
463 540 577 592 tandem
588 540 617 590 in
630 552 681 591 sue
693 539 894 604 impenitencie
906 542 935 590 et
947 539 1139 605 predictorum
1153 539 1300 605 signorum
1311 538 1555 590 confirmacionem

334 621 365 673 in
382 622 473 673 morte
491 634 572 672 suum
589 634 685 672 casum
702 619 799 685 plures
816 620 1002 685 abnegarunt.
1023 620 1084 671 Due
1095 633 1164 671 vero
1182 620 1317 672 mulieres
1329 621 1364 671 de
1377 634 1496 671 numero
1509 619 1555 670 illo

335 693 528 768 cognoverant
546 716 641 753 casum
662 715 744 753 suum
774 703 804 752 in
824 702 937 753 iusticia
956 701 1077 753 seculari
1098 704 1128 753 et
1146 706 1229 753 erant
1248 703 1313 754 date
1336 702 1450 753 iusticie
1471 701 1554 753 eccle·

334 785 448 837 siastice
460 798 525 835 cum
536 798 633 845 onere,
644 784 775 836 videlieet
788 786 874 847 quod,
884 787 982 849 preter
995 783 1048 835 boe
1060 785 1135 848 quod
1148 787 1230 836 erant
1241 785 1276 836 de
1288 788 1366 835 secta
1378 784 1555 835 valdensium

333 866 537 932 ydolatrarum,
557 868 758 919 commiserant
777 872 923 932 peecatum
943 870 1042 918 contra
1061 869 1202 926 naturam,
1216 867 1357 919 abutendo
1376 881 1443 918 cum
1461 867 1552 919 demo·

334 949 418 1001 nibus
429 950 458 1000 in
470 950 562 1001 torma
579 949 703 1000 bumana
719 951 749 1000 et
766 949 942 1000 diversorum
961 948 1125 1000 animalium
1142 949 1291 1000 brutorum
1308 950 1419 1014 liguris.
1439 949 1476 1002 Et
1492 963 1555 1014 pro·

333 1034 504 1083 curaverunt
521 1030 670 1097 sortilegia
690 1033 775 1094 atque
792 1031 998 1083 lascinaciones
1014 1045 1066 1096 per
1082 1030 1214 1097 pulveres
1227 1032 1307 1082 datos
1319 1045 1336 1082 a
1349 1033 1518 1083 demonibus
1529 1034 1555 1082 et

333 1127 385 1178 per
396 1115 488 1165 certas
506 1114 576 1165 alias
594 1114 819 1165 commixtiones.
833 1112 869 1163 Et
880 1117 1109 1179 recognoverunt
1126 1115 1221 1165 omnia
1233 1113 1285 1165 hec
1296 1115 1324 1164 in
1337 1115 1454 1165 iusticia
1466 1114 1552 1165 eecle-

333 1195 456 1246 siastica.
470 1195 673 1258 Habebantque
686 1197 834 1247 demonem
845 1195 1016 1248 familiarem
1027 1200 1055 1247 et
1064 1199 1177 1261 pactum
1187 1209 1352 1262 expressum
1363 1211 1428 1248 cum
1439 1198 1553 1247 demone

334 1291 369 1329 ex
386 1278 487 1329 natura
503 1281 580 1329 secte
597 1276 789 1329 Valdensium.
807 1277 908 1329 cetere
926 1281 1020 1330 autom
1038 1283 1087 1330 aut
1103 1280 1192 1330 ceteri
1211 1282 1332 1342 quatuor
1351 1280 1553 1331 conveniebant

332 1373 396 1410 cum
408 1359 466 1410 illis
477 1361 585 1411 duabus
597 1361 625 1411 in
639 1359 768 1411 omnibus
786 1362 921 1424 pretactis
938 1360 1106 1425 sceleribus,
1118 1365 1148 1413 et
1160 1360 1235 1412 ultra
1251 1362 1454 1425 commiserant
1471 1360 1554 1412 multa

333 1441 473 1493 maleficia
489 1447 519 1494 et
535 1443 687 1508 sacrilegia
704 1443 739 1493 de
757 1442 857 1493 hostiis
875 1444 993 1494 sacratis
1011 1445 1084 1494 datis
1102 1443 1272 1503 burdonibus,
1289 1447 1319 1495 et
1335 1449 1555 1509 procuraverant

332 1525 451 1588 dampna
463 1525 493 1575 in
506 1527 583 1576 terre
595 1524 686 1584 bonis,
700 1532 784 1588 atque
803 1524 899 1589 plures
916 1526 1088 1577 induxerant
1098 1528 1136 1578 ad
1147 1527 1219 1577 hanc
1237 1527 1417 1590 dampnatam
1434 1526 1553 1578 Valden-

331 1607 403 1657 sium
413 1608 527 1664 sectam,
541 1607 646 1671 absque
658 1607 794 1671 periuriis
807 1606 911 1664 multis,
926 1613 979 1658 etc.
992 1609 1027 1659 Et
1040 1623 1104 1668 una,
1118 1609 1227 1660 seilicet
1238 1609 1395 1666 Deuisetta‚
1408 1613 1553 1674 perpetra·

332 1690 411 1740 verat
427 1688 583 1749 filicidium,
600 1692 628 1740 et
646 1688 740 1740 Abbas
762 1689 841 1753 parvi
862 1704 961 1740 sensus
981 1690 1065 1755 plura
1082 1691 1244 1742 homicidia.
1263 1690 1300 1741 Et
1316 1694 1445 1754 protacta
1463 1693 1554 1743 omnia

334 1773 464 1822 constant
475 1785 542 1822 vera
554 1784 588 1823 ex
601 1773 746 1822 sentencia
757 1773 786 1823 et
797 1772 985 1836 processibus,
1000 1776 1053 1824 etc.

682 1968 721 2018 13.
741 1965 906 2019 Eoebortacio
924 1968 1014 2021 breuis
1029 1968 1069 2021 ad
1085 1968 1202 2022 iudices.

365 2102 565 2155 Suocrescente
585 2102 680 2165 itaque
701 2103 818 2153 nimium
839 2102 938 2154 diebm
957 2104 1020 2153 istis
1042 2104 1072 2153 in
1094 2102 1239 2167 publicum
1260 2104 1467 2155 notandissima
1487 2104 1555 2155 Val-

333 2185 460 2236 densium
472 2189 559 2243 secta,
572 2199 637 2248 que,
647 2187 817 2248 procurante
829 2185 944 2250 generis
957 2184 1072 2236 humani
1082 2186 1207 2242 inimico.
1218 2198 1270 2248 per
1282 2184 1455 2236 diverticula
1467 2190 1557 2237 terra·

330 2280 393 2318 rum
403 2270 432 2319 et
441 2266 560 2319 latibula
571 2281 718 2318 nemorum
730 2268 811 2318 annis
824 2268 1018 2331 superioribus
1030 2269 1059 2318 in
1072 2267 1124 2318 bac
1135 2268 1255 2332 regione
1273 2267 1420 2318 celabatur
1434 2267 1558 2325 occulta,

331 2351 411 2414 quasi
424 2365 480 2401 non
497 2352 582 2408 esset,
601 2351 721 2400 assiduis
739 2349 865 2400 fidelium
883 2350 1014 2413 precibus
1033 2350 1192 2401 exorandus
1204 2355 1247 2400 est
1260 2350 1346 2410 Deus,
1359 2351 1459 2400 utiam
1473 2365 1558 2402 exur-

332 2435 390 2498 gat,
405 2435 434 2484 et
445 2433 618 2496 dissipentur
635 2432 742 2481 inimici
760 2433 821 2482 eius
839 2434 868 2483 et
884 2433 1005 2497 fugiant,
1026 2433 1074 2495 qui
1093 2432 1212 2483 oderant
1229 2446 1303 2493 eum,
1317 2446 1332 2482 a
1348 2433 1420 2482 laoie
1439 2433 1513 2490 eius,
1528 2437 1561 2484 ut

331 2515 421 2566 eciam
442 2516 500 2565 tam
517 2515 703 2565 maximarum
721 2527 817 2564 rerum
838 2516 1005 2565 tractatores
1018 2515 1046 2565 et
1061 2514 1179 2572 iudices,
1199 2514 1312 2564 Christo
1331 2515 1456 2578 auspice,
1475 2517 1560 2565 cuius

330 2610 378 2648 res
397 2596 503 2661 agitur,
516 2597 669 2647 eorundem
692 2594 817 2646 fidelium
837 2596 1052 2660 precaoionibus
1073 2596 1170 2654 adiuti,
1191 2598 1361 2647 concurrant
1380 2596 1562 2661 singularius

329 2681 359 2729 et
378 2680 567 2741 cooperentur
592 2692 643 2728 suo
669 2679 801 2738 creatori,
820 2680 986 2729 accedentes
1009 2679 1044 2729 ad
1067 2692 1117 2729 cor
1139 2678 1238 2737 altum,
1260 2679 1290 2728 ut
1314 2676 1458 2729 exaltetur
1479 2680 1560 2731 Deus

330 2759 441 2823 sibique
462 2773 496 2811 ea
519 2762 685 2824 tempestate
703 2760 879 2819 restituatur.
897 2774 995 2812 eorum
1020 2774 1115 2825 opera,
1140 2774 1265 2811 summus
1288 2760 1379 2810 honor
1401 2774 1483 2818 suus.
1507 2765 1561 2825 qui

328 2841 461 2907 superbe,
479 2842 632 2893 ambiciose
644 2845 673 2894 et
683 2842 781 2905 inique
796 2856 813 2893 a
831 2856 897 2894 sevo
915 2843 1096 2894 tenebrarum
1114 2843 1241 2907 principe
1259 2856 1294 2893 ex
1312 2842 1411 2893 diebus
1427 2845 1562 2907 antiquis

331 2926 494 2989 usurpatur.
511 2924 544 2975 In
560 2926 683 2976 mentem
701 2938 770 2990 ergo
798 2926 854 2976 iam
872 2927 996 2976 iudicum
1013 2927 1117 2984 veniat,
1138 2939 1221 2988 quam
1238 2923 1396 2976 umbratilis
1414 2938 1564 2989 quamque

328 3007 522 3072 perfunctoria
534 3009 563 3057 et
574 3008 771 3058 momentanea
780 3009 818 3058 sit
831 3008 884 3058 hec
893 3006 1022 3058 mortalis
1031 3009 1090 3058 vita
1098 3010 1127 3058 et
1136 3021 1220 3071 quam
1231 3007 1345 3072 fugacia
1353 3007 1411 3057 sint
1421 3009 1565 3061 universa

332 3089 430 3140 mundi
448 3088 665 3148 oblectamenta,
684 3091 846 3141 accuracius
863 3092 977 3142 versent
994 3089 1088 3140 animo
1106 3088 1241 3140 mortales
1255 3089 1320 3153 ipsi,
1332 3089 1407 3151 quod
1419 3088 1564 3142 decorum

331 3171 378 3233 sit,
407 3169 566 3235 pulchrum,
598 3170 739 3224 laudabile
760 3175 788 3224 ot
810 3173 998 3229 meritorium,
1022 3171 1161 3237 singulari
1186 3172 1342 3223 certamine
1365 3173 1505 3235 congredi
1529 3176 1564 3224 et

331 3251 433 3304 luctari
451 3253 585 3304 adversus
601 3254 751 3305 demonem
762 3268 814 3318 pro
827 3255 883 3305 tide
895 3254 1000 3305 Christi
1012 3256 1042 3305 et
1054 3253 1116 3313 Dei,
1130 3267 1270 3317 quamque
1288 3253 1411 3303 divinum
1423 3254 1453 3303 et
1465 3267 1563 3319 prope

329 3335 443 3387 beatum
463 3336 501 3386 sit
520 3336 641 3388 reddere
664 3335 802 3388 bonorem
824 3339 923 3388 eterno
944 3336 1004 3387 Deo
1025 3336 1088 3386 vivo
1109 3338 1137 3387 et
1156 3350 1234 3394 vero,
1255 3334 1304 3386 ubi
1323 3334 1504 3400 potissimum
1525 3351 1562 3390 se

331 3418 446 3470 exhibet
463 3419 520 3469 tam
537 3417 685 3482 explorata
700 3419 821 3471 materia
836 3418 959 3478 virtutis,
976 3419 1097 3470 materia
1114 3420 1212 3470 eterne
1229 3418 1374 3469 felicitatis
1391 3430 1424 3468 ac
1440 3416 1561 3482 salutis,

331 3499 379 3552 ubi
404 3500 536 3572 deinceps
559 3501 659 3552 messis
682 3503 725 3552 est
741 3500 840 3563 multa,
858 3515 913 3565 que
930 3500 1027 3566 plures
1045 3501 1191 3564 operarios
1212 3500 1348 3564 exposcit.
1371 3499 1561 3565 Persemque

331 3582 441 3635 solicite
458 3596 511 3648 per
528 3584 588 3635 dies
606 3597 695 3635 annos
713 3584 787 3648 apud
804 3596 844 3642 se,
863 3585 938 3647 quod
956 3585 981 3634 si
999 3584 1055 3634 iam
1073 3583 1160 3634 tantis
1177 3583 1207 3633 in
1224 3583 1319 3644 rebus,
1335 3595 1399 3633 cum
1416 3594 1491 3646 opus
1513 3587 1563 3635 est

332 3665 417 3724 lacto,
431 3666 573 3717 mundano
591 3666 694 3717 timore
711 3666 761 3717 aut
776 3666 874 3717 lavore
892 3666 1014 3717 humano
1032 3664 1076 3716 vel
1089 3664 1218 3728 quolibet
1234 3664 1349 3715 sinistro
1366 3663 1464 3716 colore
1479 3665 1564 3718 ducti

331 3746 545 3799 conniventibus
562 3747 652 3799 oculis
670 3751 749 3799 tanta
767 3750 880 3811 umque
897 3748 1026 3799 inaudita
1037 3746 1147 3798 scelera
1159 3751 1243 3811 atque
1256 3747 1369 3812 flagicia
1380 3747 1410 3796 in
1422 3747 1517 3798 Deum
1528 3751 1562 3800 et

333 3828 476 3881 Christum
501 3832 562 3881 eius
591 3831 692 3894 punire
716 3833 745 3881 et
767 3831 926 3882 rectificare
954 3828 1196 3881 dissimulaverint
1217 3832 1247 3881 et
1272 3827 1461 3894 neglexerint,
1492 3845 1561 3883 cum

330 3917 435 3976 quanta
459 3926 574 3963 suarum
600 3913 756 3963 animarum
784 3913 952 3963 contusione
974 3913 1004 3962 in
1028 3911 1079 3962 illa
1099 3912 1247 3963 tremenda
1271 3911 1369 3962 iudicii
1391 3911 1438 3963 die
1458 3926 1560 3965 coram

328 3994 456 4045 districto
468 3999 498 4045 et
508 3995 583 4045 iusto
595 3995 690 4046 iudice
703 3995 815 4046 christo
834 3995 1025 4059 comperituri‚
1041 3995 1184 4057 excipient
1196 4008 1247 4057 pro
1260 4007 1311 4044 sua
1323 3993 1558 4048 dissimulacione

327 4079 356 4128 et
368 4077 499 4142 neglectu
516 4090 580 4127 cum
598 4076 718 4142 dyabolo
736 4079 766 4129 et
783 4076 894 4143 angelis
912 4078 974 4129 eius
992 4079 1121 4128 eternam
1140 4077 1381 4140 dampnacionem.
1394 4075 1425 4127 Si
1437 4089 1509 4129 vero
1521 4093 1560 4131 ex

329 4159 439 4211 diverso
456 4158 554 4224 probe,
568 4159 704 4222 virtuose,
722 4160 855 4213 ardenter
866 4165 895 4212 et
905 4159 1034 4211 studiose
1047 4159 1167 4210 intanto
1186 4158 1254 4210 ildei
1267 4159 1387 4224 negocio
1399 4171 1465 4211 cum
1478 4163 1561 4214 omni
