3164 5386
352 1255 639 1354 LAATSTE
674 1259 1072 1358 NAGEKOMEN
1111 1262 1473 1363 STUKKENli

844 1502 986 1515 ----—-..

798 1759 879 1825 147
893 1752 1040 1840 (sealt).

352 1956 460 2032 1420,
482 1955 655 2021 Doornc'k.
686 1959 838 2023 Brokken
865 1962 913 2022 uit
938 1978 996 2022 eeu
1022 1958 1213 2038 vlugschrilt
1237 1976 1300 2020 van
1325 1959 1364 2020 dc
1381 1958 1533 2036 paitijge

302 2059 422 2120 nocten
440 2057 496 2118 der
514 2059 683 2119 llussieten
697 2059 730 2119 in
748 2058 799 2119 die
812 2059 882 2120 stad
896 2060 1057 2136 versprcid
1076 2076 1115 2119 en
1132 2059 1213 2120 door
1226 2057 1284 2118 den
1304 2056 1453 2133 bisschop
1468 2074 1532 2118 aan

301 2155 340 2216 de
357 2154 568 2235 godgelecrde
585 2152 745 2217 Faculteit
762 2174 824 2219 van
842 2157 946 2234 Perijs
963 2157 1137 2235 gezonden.

302 2356 474 2408 desertionee
492 2371 624 2409 erroneae
640 2365 665 2410 et
677 2356 864 2422 detestandae,
874 2357 1052 2424 procedentes
1064 2375 1099 2409 ca
1110 2359 1252 2410 moribus
1270 2357 1462 2424 Prapensinm
1471 2364 1536 2423 past

343 2435 461 2504 Wicleffl
475 2440 579 2489 missae
594 2439 632 2491 ad
644 2454 755 2492 sacram
768 2439 941 2492 Facultatem
958 2456 976 2491 a
994 2439 1108 2492 ‘lomina
1125 2443 1251 2508 episcopo
1274 2440 1443 2492 fornacensi
1459 2441 1537 2491 circe

335 2534 444 2571 annum
459 2521 571 2572 Domini
585 2521 769 2574 millesimum
787 2521 1096 2590 quadrinaentesimnm
1108 2525 1284 2589 vigessimum.

334 2651 368 2703 In
387 2653 501 2705 nomine
519 2655 614 2705 Patris
627 2656 655 2705 et
672 2653 738 2705 Filii
757 2656 786 2705 ct
803 2654 926 2719 Spiritus
944 2654 1050 2718 Sancti,
1069 2668 1161 2705 amen.
1176 2653 1312 2705 Omnibus
1330 2654 1534 2717 burgensibus,

303 2736 483 2787 manentibus
496 2735 727 2787 athabitantibus
746 2737 775 2786 in
786 2736 856 2786 villa
873 2738 902 2787 ct
919 2737 1034 2787 civitate
1052 2736 1236 2794 Tornacensi,
1250 2736 1344 2800 gratia
1356 2735 1393 2785 sit
1404 2735 1485 2786 vobis
1504 2738 1536 2788 et

301 2828 358 2879 pax
370 2829 387 2867 a
399 2818 459 2868 Deo
472 2818 559 2868 Patre
573 2820 670 2868 nostro
684 2819 713 2869 et
725 2818 846 2867 Domino
859 2818 957 2868 nostro
968 2818 1038 2868 Jesu
1051 2817 1174 2868 Christo.

334 2897 405 2948 Cum
416 2898 457 2949 ita
468 2899 516 2956 sit.
528 2899 604 2962 quod
616 2900 693 2950 circa
704 2900 809 2950 testum
822 2898 849 2950 S.
862 2900 880 2951 J
883 2898 1011 2959 ohannis,
1021 2900 1088 2950 anni
1100 2899 1244 2951 millesimi
1256 2899 1534 2965 quadringentesimi

302 2982 332 3033 et
341 2980 478 3039 vicesimi,
495 2979 583 3043 aliqui
601 2981 680 3031 missi
698 2994 734 3032 ex
751 2982 833 3045 parte
849 2995 940 3046 papae
957 2996 1006 3031 vos
1024 2981 1228 3032 concitaverint
1246 2982 1275 3032 et
1291 2982 1534 3033 inflammaverint

301 3060 478 3113 connaillos
491 3062 526 3112 de
543 3075 634 3126 regno
653 3062 809 3113 Bohemiae
827 3064 857 3113 et
873 3062 1038 3128 specialiter
1055 3064 1154 3113 contra
1172 3062 1237 3114 illos
1255 3064 1289 3115 dc
1301 3064 1404 3129 Praga,
1421 3062 1532 3114 denun-

302 3143 411 3194 ciantes
423 3143 503 3194 vobis
515 3157 564 3195 eos
582 3146 681 3195 tencre
699 3157 824 3201 errores,
838 3145 866 3194 ct
878 3144 1027 3196 destruere
1045 3147 1074 3195 et
1091 3146 1264 3196 succendere
1283 3144 1430 3196 ecelesiam
1448 3158 1533 3208 prae·

303 3226 423 3283 sentem,
435 3226 465 3277 et
476 3227 552 3288 quod
564 3226 616 3276 sub
628 3226 730 3276 umbra
741 3225 827 3289 hujus
839 3226 1100 3290 apprehenderunt,
1113 3225 1292 3291 collegerunt
1309 3229 1338 3277 et
1349 3228 1535 3279 extorserunt

303 3307 417 3358 asabis
434 3307 464 3357 et
481 3307 515 3357 ab
534 3306 598 3357 aliis
615 3306 712 3358 multis
730 3320 865 3372 magnum
886 3320 1036 3358 numerum
1057 3308 1119 3358 auri
1141 3308 1171 3358 et
1193 3308 1306 3372 argenti
1326 3306 1535 3364 fraudulenter.

302 3386 376 3437 sicut
387 3400 437 3437 vos
454 3386 531 3437 ultra
547 3386 670 3452 legenda
687 3388 819 3451 poteritis
836 3389 997 3452 percipere,
1010 3388 1034 3438 si
1052 3387 1112 3438 Deo
1130 3386 1248 3452 placuit.
1260 3388 1298 3439 Et
1314 3388 1390 3451 quod
1401 3400 1465 3453 ego,
1484 3389 1534 3452 qui

302 3467 356 3519 hoc
367 3481 504 3533 praesens
517 3483 587 3533 opus
607 3470 663 3520 leci
680 3483 745 3519 cum
763 3469 871 3520 auxilio
890 3469 953 3529 Dei,
967 3468 1021 3519 hoc
1039 3469 1170 3520 sciverim
1185 3472 1214 3521 et
1225 3470 1411 3534 perceperim,
1423 3469 1534 3521 clerum

302 3562 359 3599 non
373 3549 560 3600 denunciasse
579 3562 632 3600 nee
649 3550 849 3601 manifestasse
866 3549 956 3610 vobis,
975 3563 1139 3613 supremum
1156 3549 1290 3601 vexillum
1311 3550 1391 3614 impii
1404 3552 1433 3601 et
1444 3564 1534 3602 unum

302 3629 381 3681 aliud
393 3643 558 3694 supremum
575 3630 659 3696 regni
678 3630 853 3696 Hungariae,
872 3631 901 3681 et
918 3630 1009 3681 adhuc
1028 3645 1116 3681 unum
1135 3631 1211 3682 aliud
1223 3645 1287 3682 cum
1299 3632 1438 3689 curribus,
1451 3634 1534 3696 cquis

300 3716 330 3762 ct
340 3713 455 3776 praedis
472 3713 501 3764 et
518 3712 660 3775 aliquibus
678 3711 800 3762 multum
818 3711 961 3762 nobilibus
980 3712 1015 3763 de
1033 3713 1093 3763 acie
1111 3713 1293 3776 imperatoris
1311 3726 1374 3764 esse
1386 3715 1484 3778 captos
1503 3717 1532 3766 et

299 3793 436 3844 adductos
446 3806 500 3857 per
511 3793 602 3844 dictos
611 3794 772 3858 Pragenses
785 3794 924 3844 eteorum
937 3793 1040 3844 dictam
1052 3794 1199 3845 civitatum
1208 3795 1284 3844 circa
1296 3793 1390 3846 natale
1399 3796 1531 3859 proxime

302 3888 433 3938 sequens,
445 3888 500 3940 ego
512 3875 592 3925 vobis
605 3875 707 3941 scripsi
718 3874 771 3925 hos
784 3876 950 3939 praesentes
962 3874 1074 3926 rotulos
1086 3877 1122 3926 ad
1135 3875 1198 3934 boc,
1212 3877 1287 3938 quod
1300 3876 1460 3928 decaetero
1473 3892 1531 3928 non

301 3956 396 4006 velitis
407 3969 457 4005 vos
475 3955 597 4020 amplius
613 3957 782 4020 permittere
800 3955 897 4006 seduci
915 3956 949 4005 ab
968 3956 1018 4014 eis,
1030 3957 1104 4007 sicut
1115 3971 1164 4007 vos
1176 3957 1271 4008 ruistis
1283 3970 1372 4020 usque
1385 3957 1484 4008 adhue
1497 3958 1532 4009 In

304 4037 406 4099 quibus
417 4036 520 4088 rotulis
532 4038 577 4088 est
593 4040 728 4089 contenta
739 4049 832 4096 causa,
845 4049 896 4101 pro
910 4050 965 4099 qua
976 4035 1020 4087 illi
1034 4039 1068 4088 de
1081 4038 1156 4089 dicto
1168 4051 1259 4103 regno
1278 4039 1432 4089 Bohemiae
1450 4040 1479 4090 et
1497 4040 1534 4091 de

303 4118 379 4169 dicta
395 4118 510 4171 civitate
528 4119 669 4185 Pragensi
686 4119 796 4171 bellant
812 4121 913 4171 contra
929 4117 1079 4171 eeclesiam
1097 4122 1285 4184 praesentem,
1303 4121 1414 4171 scilicet
1433 4121 1535 4172 contra

1329 4308 1530 4316 --—-.-—-

333 4435 369 4501 (1)
388 4435 463 4487 Desa
480 4435 605 4487 stuklsen
623 4436 737 4488 konden
755 4437 784 4489 in
803 4439 838 4490 de
855 4436 1418 4505 algemeenechronologisebelijsttblz.
1432 4435 1531 4490 179011

300 4515 388 4585 vulg.)
406 4516 467 4569 niet
483 4530 563 4570 meer
580 4532 759 4584 opgenomen
775 4520 901 4572 worden,
