3210 5386
711 487 815 541 ANNO
833 487 896 538 1323
1393 487 1410 536 7

215 653 324 706 1131133
348 667 384 706 33
408 651 573 718 parchemin
596 666 632 705 en
653 652 733 713 latin,
755 666 773 718 y
794 652 955 716 appendant
974 650 1001 703 13
1021 663 1105 702 sceau
1126 652 1160 702 de
1180 651 1287 711 Pierre,
1309 652 1415 714 eveque

182 735 218 787 de
245 739 398 802 cambray,
420 736 572 787 addressee
593 736 610 786 1
629 735 720 787 l’abbe
740 736 775 786 de
791 735 928 800 Vioogne,
949 733 998 800 luy
1018 734 1188 790 ordonnant.
1210 747 1246 786 en
1266 734 1416 786 execution

185 826 221 878 de
243 823 306 875 lad.
329 818 407 871 bulle
426 814 523 884 (11331
544 819 656 883 janvier
676 818 750 880 1321)
767 832 785 882 y
803 817 924 881 reprise,
943 817 977 867 de
995 816 1068 867 laire
1086 815 1128 868 les
1147 816 1347 867 informations
1368 816 1417 866 des

186 908 233 960 vis
251 909 284 959 et
301 914 408 955 moeurs
427 901 477 951 des
495 900 638 965 Beguines
655 900 691 952 de
708 897 914 951 Valenciennes
932 899 962 950 et
979 899 1086 956 autres,
1106 900 1136 948 31
1152 897 1186 948 de
1207 896 1250 949 les
1267 898 1418 948 confirmer

188 996 218 1044 et
235 988 388 1055 protegor,
409 982 453 1034 s'il
472 981 514 1034 les
535 984 634 1034 trouve
657 983 693 1033 de
719 981 852 1032 conduite
875 978 1101 1044 irreprochable,
1127 979 1307 1044 d'empecher
1326 980 1418 1031 meme

189 1070 309 1137 qu’elles
323 1067 418 1120 soient
429 1067 618 1118 sucunement
629 1063 784 1126 troublees,
797 1077 864 1115 sous
885 1062 927 1115 les
939 1063 1038 1128 peines
1051 1063 1231 1126 canoniques.
1244 1062 1333 1113 -Du
1345 1060 1418 1113 mois

190 1149 423 1218 (1313111311323.

221 1236 260 1288 Ε1
272 1247 330 1286 333
341 1232 423 1298 copie
436 1244 472 1282 en
490 1230 592 1296 papien
604 1244 638 1282 33
651 1228 722 1281 13113
741 1229 776 1281 de
792 1228 849 1280 lad.
862 1227 951 1288 bulla,
966 1241 1001 1279 au
1020 1228 1070 1279 bas
1089 1228 1124 1279 de
1138 1225 1259 1290 laquelle
1277 1228 1321 1278 331
1338 1229 1419 1278 autre

186 1319 272 1384 oopie
286 1317 322 1368 de
333 1314 539 1365 l'inlormatiou
558 1313 608 1364 des
625 1313 671 1364 vie
688 1314 717 1363 31
733 1325 839 1363 moeurs
853 1311 903 1362 des
915 1311 1092 1376 beguinages
1109 1309 1255 1372 d’Anvers,
1266 1308 1417 1361 Bruxelles

186 1404 218 1455 et
241 1401 341 1452 autres
364 1397 399 1447 de
424 1394 564 1446 Flandres
592 1397 621 1446 et
650 1395 785 1457 Brabant,
811 1395 840 1446 ct
863 1393 898 1445 de
921 1392 1127 1444 l’ordonnance
1156 1392 1190 1442 de
1219 1377 1351 1455 iuiveque
1382 1391 1417 1443 de

188 1483 334 1546 cambray
346 1478 453 1530 reudue
467 1490 503 1528 33
516 1479 719 1540 consequence.
733 1504 767 1514 -
780 1477 821 1528 De
834 1475 887 1527 l'an
900 1475 974 1526 1323.

455 1575 574 1627 Archiel
591 1588 644 1626 vau
662 1575 712 1626 het
729 1576 1060 1640 Noorderdepartemeut
1077 1576 1105 1625 te
1122 1572 1223 1638 Rijsel,
1242 1571 1299 1624 HS.
1318 1580 1347 1623 31
1359 1572 1417 1630 230,

488 1658 646 1711 1333313133
673 1659 712 1709 du
734 1659 890 1727 bequinoye
912 1657 947 1710 de
967 1656 1173 1714 Voleucicnnes,
1196 1655 1245 1708 lol.
1269 1653 1356 1705 59-60.
1385 1683 1417 1692 -

489 1742 530 1793 De
549 1740 673 1792 stukken
692 1755 759 1793 over
777 1741 812 1792 de
831 1741 971 1806 BeglJuen
988 1752 1041 1791 van
1058 1740 1231 1803 Antsverpen
1250 1751 1286 1790 en
1298 1735 1415 1788 Brussel

488 1824 541 1887 zijn
562 1823 646 1874 reeds
665 1822 814 1887 algedrukt
835 1824 865 1874 in
885 1821 1072 1890 Covpuslen
1090 1820 1127 1873 11.
1147 1821 1225 1872 Door
1242 1839 1255 1861 u
1269 1821 1364 1871 autres
1383 1818 1417 1870 de

489 1903 626 1956 Flandres
639 1927 652 1949 n
671 1906 796 1957 verstaat
812 1918 876 1956 men
895 1901 1116 1968 waarscbljnlljk
1134 1902 1180 1953 die
1196 1916 1250 1953 van
1262 1901 1416 1968 33133331-

486 1987 571 2051 schap
593 1986 783 2051 Vlaanderen,
803 1986 896 2039 welle
914 1987 943 2037 in
960 1986 1010 2037 het
1027 1985 1136 2036 bisdom
1154 1984 1303 2049 Kamarijlr
1320 1996 1416 2035 waren

490 2069 622 2136 gelegen,
640 2070 678 2134 bij
697 2069 851 2121 voorbeeld
873 2070 907 2120 de
928 2068 1117 2135 begnnhoven
1138 2081 1191 2119 van
1214 2066 1304 2130 Aalst,
1325 2065 1416 2119 Oude-

490 2151 606 2209 naarde‚
621 2152 740 2209 Ninovc‚
755 2151 1033 2216 Geeraardsbergen‚
1046 2149 1153 2208 Ronse,
1167 2163 1226 2201 enz.
1246 2147 1303 2200 Het
1314 2148 1380 2198 stuk
1391 2147 1416 2198 is

490 2233 684 2300 zoekgeranlrt
692 2233 745 2297 (zie
758 2234 793 2285 de
806 2233 1017 2298 aauteekening
1028 2232 1127 2284 achter
1139 2240 1169 2283 nr
1176 2233 1201 2294 5)
1213 2245 1248 2283 en
1261 2231 1303 2283 dit
1314 2229 1416 2283 veulles

489 2317 514 2368 is
527 2329 592 2368 zeer
604 2317 632 2368 te
644 2316 806 2368 betreuren.

624 2470 626 2474 ⁷
711 2520 763 2586 10
789 2518 901 2610 (177⁶).

245 2720 351 2789 1323,
372 2711 554 2797 1139113133
571 2716 626 2788 16,
646 2709 663 2793 (
663 2707 810 2776 Atrecht
818 2710 860 2794 1).
880 2713 1054 2775 Uittreksel
1071 2715 1121 2776 uit
1136 2713 1175 2775 de
1192 2715 1262 2775 3313
1279 2730 1341 2775 vau
1358 2713 1418 2774 den

183 2813 340 2892 bissohop
357 2829 421 2874 vau
437 2813 582 2886 11133331,
602 2813 734 2890 waarbij
753 2811 797 2889 hij
817 2812 855 2874 de
867 2812 1020 2891 Begijnen
1037 2829 1098 2875 van
1116 2813 1248 2874 Dovvaai
1262 2813 1295 2873 iu
1312 2812 1418 2873 hunne

184 2929 246 2977 333
262 2912 408 2975 33331311.
424 2944 466 2957 -
483 2913 529 2989 Op
546 2928 604 2972 een
617 2911 764 2974 aisohrilt
781 2909 837 2972 der
854 2911 907 2973 bul
921 2928 984 2973 van
995 2914 1016 2973 J
1017 2911 1159 2974 ohannes
1176 2913 1268 2974 XXH
1284 2912 1334 2974 tot
1347 2911 1418 2972 dien
1521 2924 1524 2929 ·

185 3011 342 3089 bissohop
359 3011 483 3089 gerioht
506 3026 561 3072 om
577 3008 650 3071 hem
667 3027 726 3072 een
751 3009 932 3073 onderzoek
956 3027 1036 3073 naar
1052 3010 1091 3073 de
1108 3010 1419 3090 rechtgeloovigheid

185 3113 252 3175 der
268 3110 420 3188 Begijnen
436 3125 500 3170 van
519 3108 583 3186 zijn
608 3109 731 3172 bisdom
757 3125 838 3172 voor
862 3111 895 3170 te
918 3109 1088 3186 schrijven‚
1117 3111 1233 3188 volgeu
1258 3126 1316 3171 een
1340 3125 1421 3186 paar

185 3208 342 3274 brokken
360 3209 407 3270 uit
423 3208 462 3270 de
480 3209 563 3283 acte,
583 3208 715 3285 waarbij
734 3208 772 3269 de
789 3208 938 3286 bisschop
954 3225 1018 3270 vau
1035 3210 1167 3271 Atrecht
1184 3208 1244 3270 den
1262 3209 1347 3270 staat
1363 3206 1421 3269 der

184 3309 348 3388 Begijneu
365 3306 599 3384 (3331133331)
617 3306 750 3381 toelaat,
770 3308 907 3385 zoolang
923 3306 961 3369 de
977 3324 1058 3385 paus
1074 3324 1109 3369 33
1124 3309 1191 3369 3131
1208 3306 1322 3369 anders
1343 3323 1421 3370 over

183 3406 352 3482 besobikt,
374 3423 414 3468 en
431 3406 544 3468 verder
559 3405 701 3468 verbiedt
718 3406 798 3468 3333
815 3407 948 3485 eenigeu
964 3407 1028 3468 last
1044 3408 1151 3469 33313
1168 3406 1262 3483 (1333,
1283 3422 1325 3484 op
1338 3405 1420 3468 31331

183 3524 258 3570 van
275 3505 314 3567 de
326 3505 510 3584 goestelijke
526 3521 673 3567 3333333.

226 3676 313 3746 copie
328 3677 409 3730 dune
426 3675 500 3730 tutte
518 3675 691 3745 apostolique
708 3674 743 3727 de
760 3674 918 3729 l'abolition
935 3685 960 3729 et
972 3675 1143 3745 perpessus
1161 3675 1329 3730 demetiae
1345 3675 1394 3728 des

549 3760 666 3826 semmes
683 3756 850 3827 quhuynes
867 3775 901 3811 en
918 3757 1065 3812 universcl.

229 3877 336 3929 Datum
347 3888 399 3940 per
412 3874 523 3939 copiam
536 3885 543 3922 :

223 3959 376 4012 Jobaunes
404 3957 564 4023 episcopus,
596 3969 696 4007 servus
728 3970 874 4008 servorum
903 3956 966 4019 Dei,
995 3957 1151 4010 venerabili
1178 3959 1262 4010 133131
1290 3958 1420 4024 episcopo

182 4040 380 4098 Anabatensi
389 4040 509 4092 salutem
521 4043 550 4091 31
564 4040 748 4104 apostolicam
760 4040 995 4092 benedictionem.

226 4125 303 4175 Cum
322 4124 356 4175 de
376 4121 552 4181 mulieribus,
576 4137 630 4186 que
652 4122 781 4189 Beghine
801 4122 958 4189 vulgariter
975 4124 1004 4175 et
1021 4125 1197 4175 communius
1214 4126 1421 4190 nuncupantur,

180 4206 292 4262 felicis
303 4205 513 4257 recordacionis
529 4205 670 4257 Clementi
684 4220 756 4270 pape
769 4208 798 4257 31
809 4206 1003 4268 predecessori
1015 4208 1112 4257 nostro
1115 4242 1421 4265 ........

181 4331 383 4444 proficientes
394 4384 507 4435 semper
527 4371 561 4422 de
579 4371 733 4422 virtutibus
751 4372 779 4422 in
799 4372 929 4429 virtutes.
941 4374 1104 4423 mereantur
1115 4374 1312 4425 retributionis
1325 4376 1423 4426 eterne

183 4455 352 4526 premium,
366 4454 442 4518 quod
459 4468 515 4505 non
533 4454 718 4516 intrantibus,
731 4455 782 4506 sed
794 4454 1040 4519 perseverantibus
1057 4456 1086 4505 in
1104 4458 1345 4509 consummatione
1362 4471 1425 4524 pre·

184 4540 302 4592 statur.
