3210 5386
190 557 223 609 32
704 558 808 612 ANNO
828 557 891 610 1349

183 722 215 787 id
232 724 276 775 est
295 722 371 774 intra
391 721 557 783 Ecclesiam,
576 723 662 775 etiam
682 724 793 774 tantum
810 722 990 788 professione
1007 725 1036 775 et
1053 721 1176 782 numius,
1196 737 1247 774 vos
1266 722 1408 786 iudicatis3

185 805 250 857 illos
263 808 367 867 autem,
380 807 427 871 quj
441 807 512 857 loris
525 809 599 866 sunt,
613 808 713 870 utputa
724 805 828 858 Iudeos
841 808 870 857 et
882 805 954 857 alios
967 805 1105 863 infideles,
1116 808 1212 858 vestm
1223 820 1284 858 non
1296 808 1408 859 intuso

186 889 321 949 iudicare,
343 889 442 941 saltem
459 902 562 954 penam
579 887 756 954 spiritualem
777 888 934 955 infligendo
955 888 1072 940 eisdem.
1086 911 1099 933 ιι
1118 887 1181 951 Hoc
1200 891 1255 948 est,
1279 890 1354 953 quod
1372 889 1407 940 ait

185 971 330 1036 apostolus
349 971 446 1023 Primo
457 971 496 1023 od
513 968 688 1023 Chol-inthius
699 971 727 1020 5ο
739 971 776 1033 (l)
790 982 798 1020 ε
812 991 824 1013 ·
841 969 914 1030 Quid
927 971 1003 1022 enim
1015 970 1085 1021 mihi
1098 972 1143 1022 est
1154 971 1190 1023 de
1202 970 1271 1032 hiis,
1284 972 1333 1037 quj
1344 970 1406 1023 toris

184 1056 260 1115 sunt,
272 1054 413 1106 iudicaret
430 1067 524 1105 nonne
542 1054 618 1106 Deus
637 1052 773 1104 iudicabit
790 1055 854 1104 eost
867 1077 879 1097 a
893 1053 997 1105 Glosa:
1017 1074 1028 1095 u
1042 1054 1119 1105 Deus
1131 1056 1254 1114 tantum,
1268 1052 1403 1106 nonenim

185 1136 266 1187 nobis
277 1137 427 1195 commisit,
441 1140 473 1187 ut
484 1150 533 1188 eos
545 1137 715 1200 iudicemus;
730 1138 764 1190 de
776 1138 832 1202 hijs
845 1140 949 1192 autem.
962 1137 1010 1202 quj
1023 1138 1100 1190 intus
1112 1139 1187 1195 sunt
1203 1136 1346 1189 indicatis.
1355 1158 1368 1181 ι

219 1218 266 1271 Est
278 1233 347 1284 ergo
358 1217 479 1287 populus
487 1234 541 1286 per
552 1232 646 1272 omnes
655 1223 820 1286 prouincias
830 1221 912 1287 repsp'
920 1221 961 1284 ιιι]
974 1218 1215 1286 dispersumseuir
1223 1216 1402 1285 nemeaeum

185 1308 210 1353 et
221 1302 387 1368 cerimoniis.
401 1301 434 1353 In
447 1302 548 1366 quibus
561 1303 673 1366 quidem
686 1302 790 1362 verbis,
803 1304 939 1366 quantum
952 1304 986 1353 ad
999 1303 1069 1353 istos
1079 1300 1299 1370 Flagellatores,
1309 1300 1341 1352 ³⁸
1351 1303 1402 1352 tm·

185 1386 318 1450 guntur:
343 1398 408 1435 nam
428 1385 457 1434 in
479 1385 589 1449 primis,
611 1387 748 1448 quantum
770 1386 804 1436 ad
825 1384 1013 1443 intellectum.
1035 1385 1165 1451 tangitur
1184 1397 1286 1436 eorum
1305 1382 1401 1435 rudius

187 1465 326 1526 nubilosa,
341 1480 405 1518 cum
423 1467 544 1517 dicitur:
558 1465 698 1534 populun
716 1469 754 1525 2⁰,
773 1470 910 1531 quantum
928 1468 962 1518 ad
981 1480 1130 1518 numerum
1147 1480 1256 1522 eorum.
1271 1466 1399 1530 quantitas

187 1549 313 1613 copiosa,
326 1562 390 1599 cum
402 1549 506 1600 dicitur
519 1564 525 1598 :
540 1563 594 1616 per
611 1564 706 1601 omnes
719 1552 883 1613 prouincias
900 1551 981 1617 repnj
997 1551 1038 1615 tuj
1050 1549 1209 1617 dispersus:
1225 1549 1264 1607 ³⁶,
1278 1549 1398 1613 quantum

188 1632 223 1684 ad
246 1632 388 1689 affectum,
412 1646 511 1683 eorum
534 1634 643 1683 vanitas
667 1633 790 1690 curiosa,
814 1646 878 1682 oum
899 1633 1004 1684 dicitur
1026 1647 1032 1683 :
1056 1636 1139 1685 nouis
1161 1639 1239 1686 ousta
1261 1629 1397 1698 meuse

191 1714 359 1779 cerimonijs.

220 1795 253 1848 In
266 1797 366 1861 primis
379 1810 448 1863 ergo
461 1797 589 1863 tangitur
605 1797 724 1848 istorum
740 1797 896 1854 hominum,
909 1800 1046 1860 quantum
1058 1796 1093 1849 ad
1105 1795 1294 1858 intellectum,
1306 1793 1397 1847 rudius

189 1878 328 1939 nubilosa.
357 1894 421 1930 cum
450 1880 554 1930 dicitur
573 1899 579 1928 :
602 1878 739 1947 populna·
764 1881 794 1929 vt
821 1879 898 1930 enim
926 1880 1115 1945 experientia,
1142 1891 1240 1931 rerum
1268 1877 1395 1944 magistre

187 1962 371 2021 demonstrat,
394 1962 583 2013 communiter
603 1961 725 2027 populus
747 1964 791 2013 est
813 1962 943 2013 indoctus
966 1963 995 2013 et
1016 1961 1105 2020 rudis.
1129 1962 1294 2028 ignorantie
1316 1955 1394 2011 nubilo
1435 1972 1437 2013 Ι

187 2043 358 2094 obfuscatus.
378 2042 439 2094 Hoc
456 2046 509 2100 est,
528 2044 603 2107 quod
620 2044 713 2094 innuit
731 2043 923 2109 Philosophus
940 2043 957 2093 3
976 2042 1118 2096 Retdortce
1135 2042 1169 2093 34
1184 2057 1247 2109 cap.
1271 2058 1277 2095 :
1298 2040 1394 2095 ·Vbi·
1434 2026 1437 2065 ¹

188 2125 289 2189 inquit,
309 2145 322 2167 s
335 2126 426 2176 maior
444 2129 487 2177 est
503 2125 634 2190 populus,
653 2126 692 2190 ibj
711 2126 805 2177 minor
826 2125 873 2178 uel
891 2127 1029 2177 remotior
1047 2124 1247 2178 intellectura
1266 2124 1337 2176 Hinc
1354 2125 1392 2177 cst,

190 2208 265 2271 quod
283 2208 319 2259 de
336 2209 477 2260 communi
495 2209 647 2260 Iudeorum
664 2208 769 2274 populo
788 2209 918 2274 Pharisej
932 2209 1081 2262 dicebant:
1101 2229 1114 2252 a
1128 2208 1234 2270 Turba,
1246 2233 1258 2253 ·
1272 2208 1392 2273 inquiunt.

193 2311 205 2333 a
219 2290 281 2350 hec,
296 2303 351 2354 que
369 2305 425 2341 non
443 2292 524 2342 nouit
542 2291 645 2358 legem,
661 2315 673 2336 n
694 2289 836 2344 Johonm's
854 2291 883 2341 7⁰
900 2306 962 2357 cap.
980 2291 1024 2359 (2),
1043 2293 1124 2356 quasi
1142 2292 1292 2345 dicerent:
1305 2288 1395 2342 duria

193 2371 248 2424 hec
259 2373 395 2438 ignorans
408 2376 436 2425 et
448 2374 535 2424 rudis
552 2397 564 2418 „

223 2455 260 2507 Et
271 2468 382 2514 reuera,
396 2459 479 2520 pater
490 2457 678 2519 sanctissime,
691 2455 762 2507 nulli
775 2457 826 2521 virj
841 2455 959 2522 littoratj
973 2458 1002 2509 et
1014 2458 1099 2509 etiam
1112 2457 1275 2523 paucissimi
1289 2456 1323 2508 de
1332 2451 1407 2505 laicis

191 2537 346 2589 maioribus
366 2539 528 2604 vigentibus
549 2537 696 2589 intellectu
716 2538 782 2590 hnic
802 2543 878 2591 secte
899 2540 1048 2601 adherent,
1067 2541 1117 2592 sed
1134 2541 1215 2604 quasi
1234 2542 1299 2591 sunt
1318 2543 1408 2588 omnes

190 2620 320 2671 homines
340 2620 502 2686 populares.
524 2620 613 2684 Vnde,
635 2620 703 2671 licet
721 2619 808 2684 aliqui
826 2623 988 2673 sacerdotes
1006 2621 1051 2674 uel
1070 2621 1201 2689 religiosi
1218 2622 1289 2673 istos
1310 2614 1432 2671 mend't‘

188 2704 287 2756 cantes
307 2706 462 2767 sequantur
479 2702 524 2755 vel
549 2704 741 2767 obsequantur
763 2705 881 2768 eisdem,
903 2718 999 2756 coram
1016 2705 1058 2756 eis
1075 2703 1246 2758 celebrando
1263 2717 1315 2769 per
1330 2701 1437 2753 dau·

191 2786 241 2836 isti
258 2788 352 2838 tamen
373 2801 429 2837 non
448 2789 514 2838 sunt
535 2787 588 2851 virj
611 2785 741 2850 litteratj,
760 2787 810 2838 sed
832 2787 904 2852 asinj
928 2787 1068 2852 coronati,
1088 2785 1183 2854 legem
1203 2786 1316 2850 Domini
1335 2784 1437 2850 igno*

191 2870 358 2934 rantes,un
373 2873 530 2934 sequuntur
542 2885 591 2922 eos
604 2885 659 2921 non
676 2873 795 2936 proptor
812 2871 912 2935 Deum,
926 2885 989 2922 oum
1002 2871 1059 2922 sint
1070 2869 1199 2922 homines
1217 2867 1350 2924 indeuoti,
1360 2847 1437 2916 ssd

189 2954 308 3017 propter
332 2955 460 3015 questum
481 2955 510 3003 et
532 2966 625 3016 escas,
649 2954 745 3016 vtique
769 2954 798 3003 in
821 2954 876 3017 mej
902 2955 931 3005 et
953 2951 1106 3004 multorum
1130 2951 1253 3004 aliorum
1273 2945 1437 3017 presentia

190 3035 306 3099 quidam
317 3035 408 3085 trater
424 3035 627 3100 interrogatus,
641 3048 692 3085 cur
703 3033 762 3084 illis
780 3035 942 3097 adhereret,
954 3049 1018 3086 cum
1036 3035 1148 3087 audiret
1160 3037 1189 3087 et
1200 3034 1288 3085 sciret
1298 3025 1437 3085 uterino

189 3119 267 3168 lacta
278 3119 307 3168 et
319 3117 392 3168 ritus
410 3117 566 3181 espiscopis
587 3119 616 3167 et
633 3115 745 3168 clericis
763 3116 919 3167 maioribus
941 3116 1102 3181 displicere,
1120 3116 1290 3182 respondit:
1309 3134 1321 3158 ι
1333 3108 1437 3167 ΜΒ

190 3201 304 3264 oportet
322 3213 373 3249 nos
390 3199 487 3250 viuere
505 3199 639 3250 debonis
657 3199 839 3265 bergentium
857 3198 941 3251 huius
959 3198 1037 3258 ville,
1056 3200 1085 3250 et
1102 3200 1163 3251 siue
1181 3198 1220 3250 sit
1235 3199 1338 3250 bonum
1352 3192 1437 3275 unq

190 3280 306 3343 malum,
328 3281 404 3344 quod
424 3282 541 3340 iaciunt,
564 3283 605 3332 ois
627 3282 744 3346 obsequi
769 3296 820 3333 nos
844 3283 990 3347 oportetn
1012 3281 1146 3347 Exceptis
1165 3295 1236 3347 ergo
1257 3273 1437 3335 huiusmod]

191 3362 386 3415 sacerdotibus
410 3364 440 3413 et
462 3362 607 3428 religiosis
635 3363 872 3426 mendicantibus,
894 3364 974 3427 quasi
1003 3377 1101 3414 omnes
1125 3362 1171 3426 alij
1195 3363 1263 3414 sunt
1289 3355 1437 3412 nomine*

191 3444 345 3511 populares
358 3447 387 3496 et
405 3458 456 3508 per
472 3459 648 3508 consequens
666 3446 782 3509 indoctj,
802 3446 895 3511 ignarj
914 3448 943 3497 et
960 3446 1056 3497 rudes.
1074 3444 1135 3497 Hec
1154 3448 1249 3496 autem
1266 3443 1367 3496 ruditas
1379 3425 1437 3487 θ’.

192 3527 357 3593 ignorantia
373 3541 459 3578 causa
476 3529 528 3583 est,
547 3527 648 3578 saltem
668 3541 720 3592 pro
741 3528 841 3591 maiorj
860 3530 951 3592 parte,
970 3541 1058 3591 quare
1075 3526 1157 3592 multj
1181 3540 1282 3579 eorum
1301 3508 1437 3578 crediti¹

192 3611 276 3661 istam
291 3612 397 3661 sectam
410 3623 472 3661 esse
490 3613 615 3661 sanctam
628 3611 657 3660 et
669 3609 785 3661 licitam.
799 3609 903 3662 Vident
920 3611 996 3661 enim
1014 3610 1135 3674 quedam
1152 3610 1320 3675 apparentia
1334 3601 1437 3658 boni‘

193 3693 260 3744 tatis
277 3693 392 3749 indicia.
405 3694 435 3744 ot
450 3693 579 3744 nesciunt
596 3692 738 3757 profunde
755 3692 917 3744 discernere
935 3692 1010 3743 inter
1026 3693 1133 3743 bonum
1149 3693 1180 3744 et
1195 3691 1312 3753 malum,
1329 3685 1437 3742 solull:¹

193 3773 412 3838 superficialiter
428 3773 596 3835 iudicantes,
615 3788 672 3823 non
690 3773 880 3832 aduenientes,
899 3772 975 3836 quod
991 3773 1031 3823 ait
1048 3773 1248 3830 crisostomus,
1271 3751 1437 3825 Oms‘llsff

192 3869 276 3922 super
299 3853 420 3915 Matheo,
442 3855 471 3906 in
493 3868 580 3918 opere
603 3856 782 3919 imperfecto,
803 3855 850 3918 uhj
875 3855 916 3904 sic
936 3855 1049 3918 inquit:
1075 3853 1199 3906 «Omnis
1217 3853 1345 3906 seductio
1360 3845 1437 3899 not!

193 3939 288 4003 potest
300 3938 446 3994 seducere,
459 3937 513 3988 nisi
526 3937 630 3988 habeat
642 3937 707 4001 bonj
722 3936 857 3996 colorem,
871 3937 1075 4001 propterquod
1087 3937 1218 3988 videatur
1229 3936 1335 3988 bonum
1346 3932 1432 3986 οὔθ

193 4021 268 4084 quod
286 4020 392 4072 malum
410 4021 468 4080 est;
488 4033 571 4070 omne
589 4020 665 4070 enim
683 4018 788 4070 malum
805 4017 895 4070 voluit
912 4020 988 4070 Deus
1005 4017 1096 4070 latere
1113 4018 1164 4070 sub
1182 4016 1281 4070 colore
1298 4016 1375 4083 honi,
1390 4012 1437 4051 Β

195 4116 278 4155 omne
297 4103 403 4154 bonum
425 4101 517 4153 uoluit
539 4115 601 4153 esse
622 4102 674 4152 sub
698 4100 822 4167 ealigine
842 4101 1033 4162 obscuritatis,
1058 4104 1089 4152 ut
1109 4103 1139 4151 tu
1160 4114 1212 4152 nec
1233 4101 1341 4152 bonum
1360 4093 1437 4150 slss

193 4183 292 4238 labore
309 4185 447 4242 inuenies,
465 4197 517 4235 nec
535 4183 641 4235 malum
659 4185 721 4236 sine
738 4183 837 4235 labore
853 4184 954 4235 euites.
968 4182 1126 4249 Negligens
1143 4184 1238 4234 autem
1252 4197 1306 4236 nec
1317 4168 1437 4235 bonxss

470 4347 1437 4388 ffl———sss

235 4505 271 4575 (l)
291 4505 361 4560 iad
380 4505 538 4560 Corinthios
554 4508 580 4570 5,
600 4506 689 4557 1213.

232 4588 269 4654 (2)
286 4586 424 4643 Iohannis
439 4589 466 4652 Ἰ,
483 4589 525 4640 40.
