3164 5386
137 502 138 505 =
183 468 215 519 98
700 470 801 522 ΑΝΝΟ
820 468 885 521 ulcu

179 635 245 686 nate
262 636 349 690 secte,
368 635 423 692 cui,
437 632 525 686 semel
544 636 613 692 dati,
626 634 744 698 proptor
762 636 893 686 timorem
912 639 942 686 ct
959 636 1050 686 minas
1068 637 1199 687 demonis
1221 652 1278 687 non
1296 639 1396 702 possunt

176 715 300 774 resilire,
319 716 368 780 qui
391 717 490 774 eciam,
505 717 560 767 uisi
581 717 727 768 rarissime
748 719 777 768 et
795 719 875 779 quasi
897 717 1077 776 miraculose,
1091 733 1149 768 non
1171 721 1352 770 revertuntur
1367 719 1394 769 ad

179 799 320 864 gremium
332 797 451 849 ecclesio
464 811 500 849 ex
512 812 543 849 se
556 800 586 849 et
599 799 653 848 uisi
665 812 718 862 per
729 799 871 849 iusticiam
884 800 1042 864 capiantur,
1054 800 1102 850 ubi
1113 800 1208 850 adhuc
1219 797 1393 864 utplurimum

179 880 336 944 perdurant
346 879 502 931 valdenses
515 881 646 943 usquein
660 881 745 931 linem
758 894 810 944 per
823 881 977 931 recidivum
990 880 1035 931 vel
1049 880 1129 941 alias,
1142 895 1322 944 quocumque
1333 884 1392 933 eant

88 989 91 997 ·
180 960 339 1026 Singularis
356 960 438 1013 valde
456 962 500 1012 est
515 962 570 1012 iste
587 975 682 1024 casus;
701 964 853 1026 propterea
870 963 965 1013 omnia
977 963 1032 1013 ista
1043 964 1145 1021 terme,
1160 977 1217 1026 que
1229 977 1324 1014 casnm
1334 963 1391 1013 hunc

179 1045 310 1102 cernunt,
329 1043 488 1109 singularia
504 1046 578 1099 sunl,
598 1058 653 1094 non
674 1043 841 1108 reperibilia
858 1045 887 1095 in
906 1043 1001 1107 aliquo
1019 1059 1199 1108 quocumque
1219 1059 1297 1096 casu
1314 1045 1391 1096 Sedsi

178 1126 300 1176 maiores
312 1125 512 1188 relinquantur
524 1125 631 1184 intacti,
647 1125 749 1176 demon
762 1126 885 1176 ascribet
899 1141 950 1176 suo
967 1126 1113 1177 iuvamini.
1127 1127 1164 1178 ut
1183 1127 1240 1190 ipsi
1257 1126 1391 1177 Valdenacs

167 1208 270 1258 ‘eidem
282 1208 395 1258 demoni
406 1207 556 1257 auxiliario
567 1207 621 1256 hoc
632 1207 822 1270 imputabunt,
834 1222 922 1271 quare
932 1208 1060 1258 tenacius
1072 1209 1098 1259 ei
1112 1208 1303 1265 adherebunt,
1313 1207 1390 1272 plures

176 1291 280 1340 ducent
292 1290 327 1339 ad
339 1291 455 1352 sectam,
474 1290 608 1352 graviora
620 1288 695 1340 mala
715 1290 932 1353 perpetrabunt.
950 1290 986 1339 Et
1004 1290 1053 1347 ita,
1073 1290 1250 1353 procedente
1270 1293 1387 1354 tempu.

177 1370 298 1435 amplius
311 1370 463 1436 augebitur
475 1370 526 1421 illa
538 1373 616 1421 secta
630 1371 857 1434 neplnariissima.

243 1552 270 1601 7.
287 1551 327 1602 De
344 1550 571 1602 uccusncionibus
587 1551 711 1601 aliorsum
730 1556 870 1617 quantum
887 1549 999 1601 ualeam
1013 1565 1066 1617 per
1083 1551 1156 1616 ipsos
1181 1549 1337 1602 valdenses.

209 1697 372 1762 supposito,
382 1699 457 1760 quod
467 1697 675 1754 accusaciones,
687 1698 790 1748 nedum
800 1698 828 1747 in
840 1698 960 1753 tortura,
971 1697 1020 1746 sed
1032 1696 1122 1746 eciam
1135 1697 1220 1746 extra
1229 1696 1359 1746 torturam
1368 1692 1391 1741 et

177 1780 364 1843 questionem,
378 1782 487 1829 asserto
504 1780 562 1828 sint
580 1793 612 1829 ac
629 1779 770 1830 ratificate
789 1781 818 1828 ct
838 1779 912 1841 quod
933 1778 1126 1843 processerint
1146 1777 1264 1827 omnino
1285 1791 1318 1826 ex
1336 1774 1391 1838 ipsis

175 1860 362 1912 Valdensibus
375 1862 591 1924 deponentibus,
605 1862 711 1923 absque
729 1861 903 1911 immissione
920 1861 949 1910 in
968 1874 999 1909 os
1012 1873 1111 1910 eorum
1124 1872 1177 1922 per
1189 1858 1391 1909 determinatam

176 1943 435 2008 interrogacionem
453 1945 502 1993 aut
519 1942 599 2000 alias,
613 1943 696 1993 sicuti
715 1943 910 2006 praticandum
923 1944 967 1993 est
978 1942 1057 2004 (qnia
1073 1939 1159 1990 nichil
1179 1935 1393 1990 determinabat

176 2025 218 2076 eis
238 2026 283 2076 cst
301 2024 455 2088 petendum
476 2026 573 2075 autin
594 2039 626 2074 os
646 2025 835 2087 mittendum),
855 2024 1001 2088 supposito
1023 2023 1123 2083 eciam,
1136 2022 1214 2085 quod
1234 2021 1293 2071 siut
1313 2019 1393 2071 debite

177 2106 462 2157 circumstancionate
481 2106 576 2157 multis
594 2107 818 2156 circumstanciis
836 2105 892 2156 loci
910 2120 942 2156 ac
960 2104 1097 2168 temporis
1115 2118 1147 2155 ac
1159 2103 1276 2155 indiciis
1287 2112 1394 2168 persone

178 2190 309 2239 accusate
320 2187 361 2254 (et
372 2189 490 2239 adderet
502 2187 621 2239 multum
634 2188 669 2238 ad
682 2187 807 2239 valorem
819 2187 1012 2238 acensacionis
1024 2185 1189 2251 designacio
1202 2186 1232 2237 et
1249 2180 1394 2236 nominacio

179 2270 268 2335 partis
286 2283 408 2335 persone
426 2272 556 2321 accusate
574 2284 637 2320 cnm
656 2270 768 2320 indiciis
786 2270 815 2319 in
833 2268 956 2332 copula),
971 2268 1051 2325 tales,
1065 2268 1193 2330 inquam,
1210 2265 1395 2318 aecusacinnen

178 2352 275 2418 magni
285 2353 351 2402 sunt
359 2353 509 2415 momenti;
523 2365 624 2415 neque,
635 2353 666 2401 ut
676 2365 692 2401 a
703 2352 826 2402 maxime
835 2351 953 2414 praticis
966 2350 1094 2401 auditum
1102 2349 1147 2401 est
1158 2351 1190 2400 et
1200 2349 1231 2399 in
1244 2346 1395 2399 tractatibus

177 2435 278 2493 visum,
291 2434 412 2499 contigit
423 2435 552 2498 reperire
564 2435 592 2484 in
612 2435 732 2485 materia
743 2436 807 2496 ista,
821 2436 853 2484 ut
864 2433 1029 2498 plurimum,
1042 2432 1318 2497 calumpniacionem
1329 2442 1395 2482 aecn-

177 2516 323 2567 sacionum
340 2529 375 2567 ex
394 2517 458 2566 odio
477 2517 512 2567 ad
529 2530 666 2581 personas
685 2518 830 2566 accusatas
844 2517 892 2566 aut
904 2529 940 2565 ex
952 2514 1009 2566 alia
1021 2514 1184 2565 inordinata
1196 2514 1338 2578 passione,
1349 2512 1393 2563 etc

178 2597 280 2649 atnoe
292 2597 408 2649 discreti
426 2598 534 2648 iudices
552 2612 670 2649 noscere
688 2601 807 2662 possunt
824 2611 859 2648 cx
872 2597 1062 2660 inquisicione
1074 2597 1103 2647 et
1114 2594 1394 2660 interrogacionibns;

178 2680 312 2731 accusant
325 2680 402 2731 enim
414 2678 505 2729 solum
522 2679 679 2743 culpabiles
698 2681 726 2728 in
746 2682 823 2730 secla
841 2693 876 2730 ex
893 2678 1055 2729 racionibus
1073 2677 1170 2728 statim
1189 2673 1394 2727 subscribendis

177 2761 211 2814 In
221 2760 350 2826 exemplo
362 2762 417 2811 luit
429 2774 521 2824 nuper
531 2761 626 2811 Abbas
638 2763 717 2824 parvi
730 2775 839 2825 passus,
851 2761 909 2823 qui,
919 2773 984 2811 cum
998 2759 1111 2810 unicum
1121 2758 1270 2809 hominem
1280 2755 1392 2808 haberet.

178 2844 210 2894 ut
221 2843 343 2901 dicebat,
356 2844 478 2894 maxime
490 2843 566 2897 odio,
579 2843 608 2893 in
622 2843 751 2893 Tornaco
764 2843 996 2898 commorantem,
1007 2840 1056 2904 qui
1067 2840 1123 2891 sibi
1134 2841 1320 2891 subtraxerat
1328 2848 1392 2888 suam

177 2924 329 2989 coniugem
346 2937 399 2988 per
415 2925 517 2989 viginti
535 2926 605 2975 duos
623 2939 720 2982 annos,
734 2937 904 2988 quamquam
921 2923 1072 2986 exoptaret
1088 2923 1211 2972 mortem
1224 2920 1391 2983 alteriusprn

177 3008 270 3056 morte
287 3019 348 3063 sua,
366 3005 438 3056 dixit
454 3019 566 3069 semper
584 3020 648 3057 eum
667 3022 722 3056 non
741 3020 803 3056 esse
821 3006 856 3056 dc
874 3005 926 3055 hac
943 3006 1022 3056 secta
1039 3017 1131 3066 neque
1149 3016 1203 3066 per
1221 3016 1289 3054 eum
1306 3000 1394 3053 debere

179 3088 317 3140 accusari.
327 3087 364 3138 Et
372 3088 413 3139 ita
424 3102 459 3139 ex
469 3089 648 3153 processibus
658 3091 687 3140 et
696 3088 924 3139 confessionibus
931 3086 1115 3138 Valdensium
1128 3086 1163 3136 de
1176 3083 1243 3136 aliis
1256 3083 1392 3149 reperitur·
1432 3132 1434 3137 ,

179 3171 386 3223 Aecusaciones
406 3171 512 3234 itaque,
525 3171 825 3235 presupposicionibus
849 3169 985 3234 pretactis
1005 3167 1213 3226 constantibus,
1226 3165 1391 3218 vehemente
1431 3159 1434 3177 ¹

180 3254 247 3305 sunt
264 3253 293 3303 ct
309 3267 441 3318 magnam
454 3253 510 3303 vim
523 3253 637 3311 habent,
651 3254 748 3317 preter
764 3265 933 3303 concursum
945 3251 1035 3302 eciam
1046 3249 1138 3314 partis
1149 3247 1265 3313 copule,
1279 3246 1391 3312 quoniam

180 3418 290 3480 Neque,
303 3416 328 3466 si
345 3429 398 3480 per
415 3429 519 3466 annum
537 3417 697 3475 teneantur,
712 3429 809 3467 omnes
827 3415 1008 3472 accusabunt,
1023 3426 1093 3476 qnos
1111 3411 1216 3470 sciunt,
1231 3412 1282 3463 aut
1297 3412 1388 3473 mugra

181 3499 277 3549 dicent
288 3511 385 3548 casum
397 3512 488 3558 suum,
502 3498 569 3560 quia
581 3498 679 3561 pocius
692 3499 816 3549 scienter
828 3495 918 3547 multa
935 3497 970 3547 de
988 3508 1018 3547 se
1032 3496 1061 3546 et
1072 3495 1107 3546 de
1121 3492 1186 3544 aliis
1198 3493 1326 3545 retinent
1335 3484 1388 3554 apul

180 3593 211 3632 se
223 3579 260 3631 ad
271 3593 351 3630 suam
364 3581 612 3643 dampnacionem
626 3582 655 3631 et
666 3579 730 3643 plus
742 3578 854 3645 eligunt
870 3577 954 3629 lateri
972 3589 1069 3627 casum
1087 3588 1171 3627 suum
1187 3576 1218 3626 et
1230 3574 1314 3632 morl,
1326 3579 1387 3636 quau

179 3675 314 3714 accusare
323 3660 403 3717 alios,
414 3661 443 3712 in
454 3675 488 3712 ea
496 3674 528 3712 re
538 3661 689 3712 maximam
699 3660 866 3712 fidelitatem
875 3659 991 3710 demoni
999 3659 1028 3709 et
1037 3656 1180 3709 consociis
1190 3651 1387 3721 dampnabiliter

180 3744 337 3796 servantes.
369 3743 537 3807 Exemplum
565 3743 715 3794 habuimus
739 3755 830 3806 nuper
858 3743 893 3791 de
923 3738 1087 3791 Hontmelle
1119 3736 1192 3789 alias
1221 3734 1332 3797 Laudat,
1352 3728 1386 3796 qul

180 3827 286 3890 absque
298 3826 410 3877 tortura
426 3839 461 3876 ex
479 3839 510 3877 se
522 3828 551 3876 et
567 3839 619 3876 sua
630 3826 731 3888 sponte
743 3825 889 3874 confessus
902 3822 1064 3873 estfactum
1077 3833 1160 3870 suum
1172 3820 1203 3871 et
1216 3816 1386 3883 questionum

182 3922 293 3973 aspere,
306 3909 338 3960 ut
349 3902 420 3958 alios
433 3909 588 3966 accusaret,
603 3907 745 3958 neminem
757 3905 848 3955 voluit
860 3917 1003 3962 accusare,
1017 3916 1081 3953 cum
1099 3899 1298 3952 verisimiliter
1308 3895 1386 3950 multo·

181 3991 351 4056 agnosceret
367 3990 402 4041 de
419 3991 505 4041 secta.
519 3989 556 4041 nt
572 3990 613 4040 ita
630 3987 777 4051 quothidie
794 3986 939 4051 reperitur
957 3985 986 4035 in
1005 3983 1070 4035 aliis
1087 3981 1244 4033 difficultas
1261 3971 1387 4033 munuli

182 4072 261 4124 alios.
279 4072 317 4124 ut
333 4073 400 4122 sunt
416 4070 497 4122 valde
515 4071 594 4134 parci
611 4071 640 4119 in
662 4069 818 4120 accusando
837 4067 918 4118 alios.
932 4066 1005 4116 Tum
1017 4064 1110 4130 primo
1129 4077 1165 4114 ex
1184 4059 1389 4130 singtilutsdn·

179 4154 369 4219 promissione
386 4154 462 4203 lacta
478 4151 633 4216 presidenti
652 4153 681 4201 in
694 4149 923 4215 congregacione
935 4148 964 4198 et
975 4145 1039 4198 aliis
1053 4143 1257 4210 complicibus,
1270 4139 1390 4198 nedumll

179 4235 418 4301 congregacione,
431 4235 481 4285 sed
494 4233 593 4284 dietim
610 4233 639 4283 in
656 4233 771 4291 mundo,
785 4232 820 4282 de
837 4244 892 4281 non
911 4228 1081 4285 accusando,
1094 4228 1125 4278 et
1139 4227 1324 4280 dimoventur
1338 4223 1393 4278 ulln

180 4317 234 4367 boc
247 4317 281 4367 ab
294 4317 450 4367 accusando
470 4315 580 4378 aliquos
592 4314 755 4378 specialiter
767 4327 802 4364 ex
815 4325 920 4377 magna
932 4308 1063 4361 amicicia
1075 4321 1141 4359 cum
1153 4309 1199 4360 eis
1217 4310 1360 4362 conbusta
1370 4314 1396 4356 ux

181 4398 339 4464 parentela,
352 4398 491 4449 beneflcio
505 4399 640 4460 impenso,
654 4396 874 4446 conversacione
887 4392 1074 4455 quothidiana
1085 4390 1137 4441 aut
1147 4391 1264 4444 carnali
1276 4390 1398 4457 amplexu.

183 4483 249 4539 ete..
262 4478 344 4540 alios,
357 4480 492 4544 precipue
504 4479 636 4536 maiores,
649 4492 684 4530 ex
700 4478 813 4538 timore,
827 4490 862 4527 nc
875 4475 979 4527 exinde
990 4472 1161 4530 moriantur,
1172 4473 1200 4525 si
1212 4489 1265 4527 eoa
1277 4472 1401 4528 accusem,
