3210 5386
584 573 689 629 ANNO
708 574 772 628 1460
1256 575 1287 625 al

43 754 96 793 aux
135 752 299 791 sacr-emens
316 741 345 791 ct
363 738 464 790 choses
481 737 702 790 sacramentelcs
721 740 756 789 de
777 739 869 788 sainte
887 738 988 804 eglise,
1009 752 1045 790 en
1062 741 1237 804 promettant
1254 753 1289 791 au

41 821 154 874 diable
172 835 227 872 non
241 821 314 872 aiter
326 822 343 872 a
355 819 474 886 l'cglise,
488 835 545 870 non
557 822 688 872 recevoir
700 834 790 885 yauve
803 821 900 871 benite
912 823 942 871 et
954 835 1010 871 non
1022 835 1053 871 se
1070 823 1226 882 contesser,
1239 835 1291 885 par

41 902 182 969 special
196 904 246 955 des
258 903 394 954 criesrnes
406 903 558 962 desusdits,
572 916 604 966 sy
617 916 674 952 non
686 916 738 967 par
751 902 863 963 ttction3
876 916 944 954 avec
955 916 998 967 ce,
1011 904 1090 953 avoir
1102 903 1154 954 tait
1165 902 1194 954 la
1210 905 1291 954 croix

44 986 182 1038 enterre
194 988 224 1037 et
235 999 284 1036 sur
295 982 390 1042 icelle.
400 997 453 1048 par
465 985 606 1048 contemp,
619 984 746 1035 marchie
759 984 797 1034 du
809 985 878 1048 piet,
891 984 972 1035 avoir
983 985 1116 1047 invoquie
1128 985 1170 1036 les
1182 984 1291 1036 diables

46 1069 68 1120 ct
79 1079 190 1139 recen
208 1066 287 1119 leurs
303 1069 469 1131 responses3
490 1066 569 1125 item,
588 1066 667 1116 avoir
687 1067 742 1117 tait
757 1066 896 1131 pactione,
915 1079 1085 1131 promesses,
1103 1066 1245 1118 oblatione
1262 1069 1292 1119 et

47 1149 236 1215 hommatges
254 1150 270 1199 t
287 1149 369 1200 iceux
388 1147 504 1199 deables
521 1149 589 1207 et‚t
606 1147 670 1198 leur
687 1149 942 1207 commendement,
961 1149 1014 1199 icit
1027 1147 1170 1214 pluiseurs
1182 1149 1290 1201 aultres

51 1230 159 1282 choses
171 1229 243 1281 viles
255 1232 285 1281 et
296 1231 521 1282 innominieuses
532 1231 632 1281 contre
644 1228 766 1280 lonneur
778 1232 808 1281 ct
818 1233 973 1282 reverence
986 1230 1020 1282 de
1033 1231 1131 1282 nostre
1147 1232 1289 1289 createur‚

54 1313 155 1364 ettres
164 1311 413 1376 dampnahlement
422 1312 502 1363 avoir
513 1314 578 1363 uset
587 1311 624 1362 du
636 1311 712 1362 saint
723 1313 884 1363 sacrement
895 1313 930 1363 de
943 1311 1053 1369 l'auteh
1067 1314 1096 1363 ct
1107 1326 1188 1376 vous,
1195 1312 1288 1363 iehan

56 1393 193 1459 Tannoye
205 1395 234 1446 et
247 1393 392 1451 Denisete.
403 1394 483 1444 avoir
491 1393 609 1444 commis
622 1392 788 1450 homicides,
803 1395 871 1445 c'est
880 1395 1006 1445 assavoir
1020 1409 1025 1445 :
1041 1395 1099 1458 toy,
1111 1393 1205 1446 iehan
1218 1393 1290 1446 Tan·

59 1487 140 1539 uoye,
154 1476 277 1540 procare
290 1488 325 1527 en
338 1476 413 1527 deux
425 1475 545 1537 enitens,
558 1476 588 1526 et
599 1476 657 1539 toy,
672 1475 818 1534 Denisctc,
831 1489 867 1526 en
880 1477 929 1526 ton
946 1488 1052 1540 propre
1064 1477 1179 1532 enffant.
1193 1475 1289 1540 lequel

62 1559 85 1605 tu
94 1569 129 1606 as
143 1555 222 1608 ochis
234 1571 301 1608 sans
312 1556 459 1621 baptesme
476 1558 506 1607 et
521 1555 633 1608 bailliet
645 1570 681 1608 au
693 1555 802 1619 diable3
822 1559 851 1608 et
868 1572 937 1610 vous
951 1559 1036 1620 deux,
1047 1555 1141 1609 iehan
1154 1557 1290 1622 Tannoye

64 1637 314 1704 athanacensis
330 1639 455 1704 pondres
471 1640 501 1690 et
518 1637 626 1690 aultres
639 1638 823 1703 dempnables
834 1639 945 1699 choses,
960 1640 1040 1690 avoir
1051 1641 1133 1704 geste
1144 1637 1187 1689 les
1197 1639 1289 1699 bleds,

65 1717 157 1783 signes
176 1722 206 1772 et
217 1719 325 1772 aultrcs
335 1719 417 1771 hiens
430 1721 465 1772 de
477 1721 569 1785 terrc;
583 1721 662 1780 item,
674 1720 1141 1786 etvoustroix‚Jehan'1'annoye‚
1154 1721 1290 1773 Denisete

68 1799 220 1861 ethelotte.
233 1802 314 1854 avoir
330 1802 399 1853 uait
416 1804 446 1853 et
462 1803 580 1854 instruit
596 1802 740 1868 pluiseurs
754 1804 882 1854 hommes
897 1804 926 1854 et
937 1804 1056 1854 tcmmes
1068 1804 1086 1853 a
1096 1804 1173 1854 ceste
1191 1803 1288 1868 damp-

69 1882 142 1935 nabie
158 1887 248 1949 secte;
266 1887 296 1937 et
312 1899 382 1937 vous
396 1886 460 1936 tous
479 1885 559 1937 avoir
571 1886 823 1951 dampnablcment
834 1887 952 1937 commis
965 1889 994 1936 et
1005 1887 1140 1950 perpetra
1157 1885 1290 1950 pluseurs

71 1963 165 2018 aultrcs
172 1969 262 2034 griets
272 1969 331 2019 tres
340 1966 442 2019 meldis
452 1969 482 2019 et
492 1969 624 2020 enormes
633 1969 770 2020 criesmes
778 1970 877 2019 contre
888 1968 960 2019 Dieu
969 1970 998 2019 et
1005 1972 1102 2019 nostre
1109 1970 1187 2020 merc
1197 1969 1290 2020 sainte

71 2043 157 2121 telius,
169 2052 197 2102 et
208 2048 304 2101 icculx
317 2049 462 2107 criesmes,
476 2050 560 2114 apres
578 2051 705 2101 serment
722 2048 879 2114 solempncl
898 2063 951 2113 par
962 2063 1032 2099 vous
1049 2050 1102 2100 tait
1115 2064 1169 2101 aux
1182 2051 1289 2102 saintes

72 2123 225 2196 Eurangiles
246 2133 278 2183 es
302 2131 393 2181 mains
413 2131 449 2184 de
470 2130 592 2197 l'eglise,
614 2133 703 2189 avoir,
724 2145 777 2196 par
796 2131 939 2197 pluiseurs
967 2131 1059 2195 jours,
1082 2134 1289 2184 constamment

73 2205 160 2274 uenyet
175 2216 202 2265 et
218 2212 316 2266 recole
335 2226 385 2263 vos
403 2212 567 2278 complices,
580 2226 616 2265 en
634 2214 819 2265 commettant
836 2213 972 2265 criesmes
986 2214 1021 2264 de
1039 2213 1165 2278 periure,
1178 2214 1227 2277 qui
1245 2216 1290 2265 cst

77 2287 124 2340 ῑῐὰ
138 2296 210 2358 gn'et
227 2309 263 2348 en
283 2297 361 2347 ceste
381 2296 496 2359 partie:

10 2426 12 2447 Ι
100 2369 168 2426 Pour
178 2391 209 2428 ce
222 2377 301 2428 est-il
320 2390 376 2440 quc
393 2391 475 2437 nous,
488 2376 618 2437 vicaires,
631 2378 715 2443 juges
733 2379 831 2429 dessus
848 2391 984 2438 nommez,
998 2376 1137 2442 veullans,
1150 2390 1259 2429 comme
1272 2379 1289 2429 b

10 2450 13 2557 j
76 2462 133 2504 nous
148 2459 307 2524 appertient
323 2459 359 2510 de
378 2460 475 2510 nostre
496 2458 588 2517 office,
607 2459 632 2509 si
651 2472 738 2524 graus
759 2461 789 2511 et
808 2459 950 2511 horribles
970 2460 1106 2511 criesmcs
1127 2460 1155 2511 et
1171 2458 1288 2524 pechies

10 2560 12 2613 Ι
77 2538 163 2600 buthir
178 2543 206 2592 et
223 2540 375 2606 corrigier,
388 2540 455 2592 affin
473 2554 529 2604 que
546 2553 579 2592 ce
598 2541 654 2591 soit
670 2540 801 2606 exemplo
819 2555 874 2593 aux
893 2542 1011 2603 anthes,
1029 2555 1111 2604 nous,
1125 2554 1213 2605 ayans
1229 2554 1289 2606 ung

77 2615 125 2666 ⁸⁶1ss
140 2619 207 2674 Dieu
227 2623 332 2674 devant
350 2636 401 2673 nou
419 2635 504 2687 yeux,
517 2635 570 2686 par
587 2624 664 2675 ceste
682 2625 779 2673 nostre
796 2624 930 2675 sentence
949 2623 1109 2681 diffinitive,
1130 2623 1289 2673 decernons

78 2695 101 2744 ti
115 2698 253 2756 declarons
273 2719 309 2756 cn
333 2717 380 2756 ces
403 2704 521 2768 escrips,
540 2718 609 2755 vous
634 2706 663 2756 et
685 2704 808 2755 chascun
826 2705 861 2755 dc
881 2718 950 2755 vous
970 2707 1047 2755 estre
1067 2702 1220 2768 coupables
1238 2704 1289 2754 des

79 2778 190 2837 tuesmes
209 2787 310 2838 dessus
333 2786 387 2850 dis,
400 2799 510 2836 comme
527 2785 549 2835 il
566 2787 611 2836 cst
628 2787 725 2836 dessut
741 2785 886 2836 declairie,
906 2788 981 2837 Avcc
1001 2799 1042 2841 ce,
1062 2800 1098 2836 cn
1117 2785 1286 2836 detestation

81 2856 237 2932 designans
253 2868 401 2932 criesmes,
423 2866 625 2932 prononchons
646 2870 675 2919 et
695 2866 855 2917 declairons
873 2870 937 2918 tous
955 2881 1004 2917 vos
1015 2867 1097 2917 biens
1114 2865 1243 2917 meubles
1261 2868 1290 2917 et

80 2936 231 3001 buocubles
249 2950 326 3000 estre
344 2949 527 3013 conusquies
540 2947 582 2999 les
595 2948 753 2999 inmeubles
766 2950 783 2999 a
795 2949 824 2999 lc
834 2949 999 3013 seigneurie
1012 2947 1191 3013 temporelle,
1205 2950 1234 2999 et
1245 2947 1287 2999 les

80 3024 182 3080 meubles
197 3030 367 3095 spptiquons
384 3032 401 3081 a
418 3045 499 3090 nous,
513 3043 587 3095 pour
604 3029 645 3081 los
663 3031 808 3081 convertir
825 3031 855 3080 bs
869 3030 990 3093 despcns
1003 3031 1038 3081 de
1050 3045 1100 3080 vos
1117 3029 1234 3095 pechies
1255 3033 1285 3080 ct

80 3111 206 3169 supportes
222 3110 252 3163 la
267 3112 374 3177 cherge
392 3113 427 3162 de
444 3111 472 3162 la
484 3113 575 3163 sainte
588 3111 769 3176 inquisition.
783 3111 820 3162 Et
832 3110 1017 3162 tineblement
1035 3126 1116 3176 nous,
1131 3126 1187 3163 non
1200 3124 1287 3176 ayans

81 3190 208 3248 eiberance
226 3195 262 3246 de
280 3196 375 3244 vostre
387 3194 465 3244 vraie
478 3195 657 3251 conversion,
672 3193 837 3244 desiderans
849 3193 984 3258 pourveir
1002 3206 1037 3242 au
1050 3192 1126 3244 salut
1142 3194 1192 3244 des
1210 3196 1288 3243 tmcs

83 3260 233 3338 destoyaulx
252 3275 412 3327 chrestiens
432 3276 462 3326 et
481 3289 536 3338 que
554 3277 589 3326 de
607 3289 677 3326 vous
695 3287 731 3327 ne
743 3273 837 3327 soient
848 3289 882 3339 cy
894 3275 978 3339 apres
991 3275 1166 3338 cnvenimes‚
1179 3287 1288 3326 comme

84 3351 189 3406 nenbres
205 3356 304 3420 pouris
327 3358 356 3406 ct
379 3356 511 3422 indignes
535 3357 570 3407 de
594 3356 746 3407 demourcr
764 3368 831 3407 avec
848 3354 890 3407 les
907 3354 1008 3406 fideles
1026 3369 1096 3406 vous
1115 3358 1239 3407 mettons
1260 3357 1290 3408 et

84 3422 213 3487 iclaissons
230 3452 266 3489 en
289 3436 465 3503 l’arbitraige
485 3438 521 3488 de
542 3437 571 3487 la
586 3438 740 3511 puissance
761 3439 791 3488 et
807 3437 910 3501 justice
928 3436 1078 3496 seculiere,
1091 3437 1175 3488 icelle
1192 3438 1289 3501 prians

85 3501 251 3570 hunblement
270 3532 324 3582 que
343 3520 442 3570 contre
460 3520 490 3570 et
507 3531 608 3570 envers
626 3533 695 3569 vous
713 3516 796 3570 icelle
814 3517 907 3570 veulle
924 3519 1057 3571 moderes
1068 3533 1119 3569 son
1131 3519 1289 3585 jugement,

10 3664 13 3673 Ι
85 3597 132 3640 sans
146 3601 277 3659 procedcr
289 3602 306 3650 a
318 3600 346 3650 la
363 3602 439 3651 mort
456 3602 491 3652 de
503 3615 573 3652 vous
586 3616 622 3652 ou
635 3600 797 3652 mutilation
810 3600 845 3651 de
862 3615 912 3651 voz
929 3601 1070 3658 menbres‚
1084 3602 1191 3664 etque,
1205 3614 1235 3651 se
1254 3614 1289 3652 en

10 3688 12 3717 ε
84 3678 136 3722 vous
150 3683 283 3744 appercnt
299 3683 396 3747 signes
409 3684 444 3734 de
456 3684 651 3745 contritione
668 3697 737 3733 vous
755 3682 902 3734 nescient
919 3683 1026 3748 denyes
1044 3681 1086 3734 les
1103 3682 1180 3734 sains
1197 3695 1289 3734 sacre-

10 3760 12 3765 ’
83 3758 144 3806 mens
160 3761 192 3814 de
206 3764 358 3827 penitense
375 3767 405 3815 et
417 3766 452 3815 dc
464 3763 570 3816 l’autel.

107 3831 193 3894 Donat
210 3845 296 3896 soubz
317 3845 359 3896 les
380 3847 479 3898 seaulx
500 3849 569 3897 dont
592 3862 664 3899 nous
689 3863 776 3899 usons
800 3861 836 3900 en
856 3862 908 3899 nos
929 3847 1025 3899 offices
1043 3848 1078 3897 de
1101 3846 1243 3905 vicariats,
1265 3844 1292 3896 le

81 3917 215 3978 ”suusne
230 3929 297 3992 jour
314 3928 352 3979 du
370 3930 443 3980 mois
462 3929 496 3980 de
508 3941 583 3994 may,
595 3929 650 3981 l'an
663 3929 713 3981 mil
726 3931 839 3993 quattre
851 3943 920 3982 cens
932 3929 1074 3980 soixante.

105 4011 277 4091 timeatque
290 4043 299 4078 :
313 4025 350 4078 Μ.
362 4039 399 4077 na
410 4025 558 4077 Hssasuao.
990 4025 1132 4080 collauon
1144 4028 1224 4080 taite.

316 4141 510 4193 Stadsarchiet
518 4143 547 4194 te
557 4142 682 4201 Doweai,
696 4143 770 4209 Reg.
781 4143 841 4195 ΑΔ.
862 4141 905 4201 85,
915 4141 967 4194 tol.
980 4141 1081 4206 iitjxxtj
1095 4154 1188 4194 verso.
1199 4141 1291 4194 -Zie

351 4236 419 4274 over
431 4224 499 4275 deze
510 4223 730 4291 vercordeeting
741 4225 866 4291 hetgeen
881 4223 1004 4287 Jacques
1022 4224 1059 4275 du
1077 4222 1177 4287 clercq
1189 4237 1291 4276 erover

349 4304 454 4357 vertelt
463 4304 582 4373 (Corpus
590 4306 613 4365 1,
624 4316 655 4358 nr
664 4306 724 4368 3⁰4,
733 4305 787 4357 blz.
798 4306 868 4367 354),
882 4305 927 4357 die
940 4307 1013 4371 negt,
1027 4305 1076 4356 dat
1087 4305 1138 4357 het
1148 4308 1248 4357 vonnts
1260 4307 1290 4357 tn

350 4386 401 4439 het
412 4386 540 4438 Fransch
552 4402 588 4439 en
600 4389 629 4439 in
642 4387 691 4440 het
705 4388 798 4452 Latijn
811 4387 928 4454 gelezen
940 4387 1030 4438 werd.
1042 4387 1103 4439 Den
1115 4388 1131 4438 7
1142 4388 1202 4439 Juli
1211 4389 1290 4440 word

351 4482 422 4522 cene
453 4471 564 4522 twecde
590 4483 680 4536 groep
708 4469 884 4523 Waldenacn
910 4468 1108 4522 veroordeeld.
1138 4468 1200 4521 Van
1223 4470 1290 4521 dene

352 4551 463 4604 hebben
476 4553 522 4617 wit
536 4551 586 4604 het
596 4552 698 4604 sonnis
710 4552 740 4603 in
752 4552 772 4602 't
783 4551 877 4615 Latijn
888 4549 1006 4618 (Corpus
1015 4550 1038 4607 Ι,
1050 4550 1210 4610 n¹312,blz.
1220 4549 1290 4612 368).

354 4633 443 4685 Beide
461 4633 585 4686 stuhkeu
605 4635 659 4699 zijn
678 4634 829 4699 overigens
849 4633 928 4696 bijna
948 4631 1053 4698 gehecl
1073 4631 1290 4698 gelijhluidend.
