3164 5386
192 548 239 600 ico
678 549 928 604 sirmeum

185 714 325 780 spostolo.
348 719 378 766 ut
401 729 452 767 sue
475 714 630 767 stubilitste
654 715 720 767 fidei
744 718 856 766 ceteros
878 715 908 765 iu
931 713 1088 764 christinus
1109 713 1265 780 religione
1299 715 1408 764 firmaret

184 809 338 861 eorumque
347 801 457 850 mentes
466 799 502 850 nd
511 797 611 850 salutis
620 811 708 863 opers
727 811 778 849 sue
788 797 956 848 accenderet
968 795 1129 847 devotionis
1142 797 1264 849 nidore.
1273 797 1405 847 commisit

185 877 265 931 Unde
284 894 345 933 nos.
357 881 485 933 eiusdem
502 879 624 945 spostoli
641 881 745 939 eflecti,
759 881 928 944 disponente
940 879 1072 934 Domino,
1085 879 1156 931 licet
1169 879 1311 931 immeriti
1320 891 1401 930 succe·

184 974 263 1014 sores
275 964 305 1015 et
315 962 405 1028 ipsius
417 963 619 1027 Redemptoris
635 960 729 1013 locum
746 963 776 1012 in
789 962 875 1012 terris
886 974 1046 1024 quanquam
1059 961 1176 1026 indigni
1187 964 1331 1020 tenentes,
1341 960 1404 1011 circs

184 1045 282 1110 gregis
299 1045 426 1098 eiusdem
445 1045 603 1097 custodiam
623 1045 743 1096 solicitis
759 1057 860 1095 uacare
877 1043 984 1108 vigiliis
1005 1045 1035 1094 et
1053 1044 1218 1094 animnrum
1238 1043 1325 1095 saluti
1339 1042 1402 1108 iugis

184 1126 340 1179 attentione
362 1129 545 1194 cogitationis
567 1128 727 1181 intendere.
751 1126 943 1177 submovendo
966 1127 1052 1177 noxis
1073 1128 1103 1178 et
1127 1127 1244 1191 agendo
1267 1127 1401 1191 protutura

183 1206 326 1265 debemus.
339 1212 369 1261 ut
386 1224 507 1262 excusso
524 1225 541 1261 a
558 1211 640 1260 nobis
658 1209 833 1275 negligentie
851 1223 951 1259 somno
969 1209 1116 1271 nostrique
1133 1209 1234 1260 cordis
1246 1206 1400 1260 oculisdili·

182 1291 279 1355 gentis
301 1290 402 1344 sedula
424 1293 607 1358 uigilantibus
631 1293 740 1343 animas
766 1292 826 1344 Deo
852 1290 1031 1355 luciitscere,
1055 1304 1107 1342 sua
1134 1291 1220 1342 nobis
1242 1291 1400 1356 cooperante

181 1373 283 1439 guntin
296 1373 439 1427 ualeamus
450 1377 569 1439 cimae
588 1375 702 1426 Domini
716 1376 840 1426 tunicam
854 1374 1064 1427 inconsutilem.
1076 1377 1262 1426 sacrosancte
1279 1372 1399 1426 videlicet

181 1452 309 1508 itomsne
321 1456 450 1508 Ecclesie
461 1466 491 1508 et
503 1458 569 1508 tidei
582 1457 740 1510 orthodoxe
752 1458 889 1509 unitatem
901 1460 1070 1521 perpetuam
1080 1471 1297 1510 conservemus·

216 1536 288 1589 Seue
298 1538 333 1588 sd
343 1541 482 1599 nostrum,
492 1540 543 1603 qui
551 1540 747 1592 desideranter
757 1541 870 1590 intotis
881 1541 1018 1604 gemmus,
1029 1539 1141 1591 uttides
1149 1539 1295 1591 cstbolica
1304 1539 1398 1590 nocuis

182 1619 358 1683 temporibus
368 1624 555 1685 prosperum
563 1628 593 1673 et
600 1624 726 1687 pravitas
736 1623 863 1674 heretica
871 1622 907 1673 de
918 1623 1022 1672 tinibus
1034 1621 1162 1673 fidelium
1173 1622 1344 1688 extirpetur,
1352 1634 1399 1672 non

183 1699 245 1752 slno
262 1700 442 1766 displicentis
457 1704 561 1769 grandi
577 1706 709 1769 pervenit
725 1705 864 1767 nuditum,
875 1705 951 1769 quod
968 1705 998 1754 in
1016 1704 1210 1756 Universitste
1221 1705 1310 1756 studii
1322 1703 1399 1755 lora·

184 1782 299 1844 niensis.
311 1782 477 1836 leodiensis
488 1787 620 1844 diceens,
633 1791 663 1838 et
672 1788 881 1838 circumvicinis
892 1785 964 1837 loeis
975 1801 992 1837 a
1003 1787 1193 1851 quadriennio
1208 1788 1285 1838 citra
1293 1787 1399 1839 ruerunt

182 1867 212 1917 ut
231 1863 315 1918 bodie
336 1870 404 1919 sunt
419 1869 548 1919 nonnulli
565 1870 724 1932 iniquitatis
739 1869 802 1923 tilii.
820 1871 870 1933 qui
886 1870 1021 1934 quasdam
1038 1867 1136 1930 lalsas,
1153 1873 1254 1921 uncte
1269 1867 1399 1921 cstbolice

182 1946 249 1999 tldei
265 1950 433 2008 conuarias.
444 1964 591 2003 ersom
604 1951 785 2003 mnddosas
800 1956 830 2003 et
845 1951 920 2003 male
936 1954 1071 2003 consutos
1087 1953 1311 2016 pmpoaitiones,
1322 1952 1398 2003 wan

181 2029 210 2080 in
228 2028 333 2082 subolis
349 2034 380 2084 et
395 2034 627 2097 trequentissimo
644 2035 790 2084 bominum
807 2038 883 2091 cetu.
901 2048 983 2086 seras
1000 2048 1064 2086 esse
1080 2033 1196 2099 publice
1216 2035 1358 2086 animare
1373 2034 1399 2083 et

180 2112 407 2177 pertinacissime
417 2121 579 2169 sustentare
590 2131 624 2168 ae
636 2117 791 2168 detendene
801 2118 1051 2182 apertissimae
1060 2116 1147 2169 Sacre
1156 2116 1305 2182 Scripture
1312 2117 1396 2168 suctc

180 2194 282 2246 ritates
303 2210 402 2250 eorum
424 2199 571 2251 erroribus
593 2202 796 2265 repugnantes,
816 2199 932 2250 illarum
952 2202 1072 2258 rectum,
1095 2199 1207 2250 clarum
1228 2203 1260 2252 et
1280 2208 1396 2264 metum

182 2289 297 2329 sensum
312 2279 393 2332 iaicis
409 2295 507 2333 eurum
520 2280 803 2346 interpretationibus
815 2282 996 2346 impudenter
1006 2282 1140 2332 instando
1151 2280 1300 2339 mellae,
1311 2281 1395 2332 huius

181 2358 259 2410 modi
276 2374 389 2426 quoque
404 2377 504 2415 eorum
522 2363 595 2415 falsa
612 2364 743 2429 dogmata
754 2365 931 2416 mniiestam
940 2363 1067 2415 heretice
1078 2366 1229 2429 pravitatis
1239 2363 1331 2416 laben
1340 2375 1400 2413 con·

181 2441 303 2493 tinentis
325 2445 356 2496 in
381 2444 503 2496 aliorum
522 2448 634 2497 mentes
654 2446 782 2497 inserere
801 2448 832 2497 et
850 2445 1022 2512 simplicium
1041 2447 1152 2497 animas
1169 2446 1327 2511 illaquense
1346 2457 1392 2495 nou

180 2524 367 2578 erubuerunt.

211 2607 272 2659 Nos
282 2608 380 2675 igitur.
392 2612 547 2676 premissos
564 2609 739 2661 execrandos
755 2624 870 2662 errores
886 2611 960 2663 male
978 2615 1007 2663 et
1018 2613 1118 2662 contu
1129 2611 1215 2664 tidem
1226 2613 1352 2664 sonantes
1360 2621 1389 2660 ne

177 2696 374 2758 propagentur
389 2693 511 2746 ulterius
530 2696 560 2745 et
575 2693 664 2745 corda
681 2691 807 2744 tidelium
824 2693 1025 2746 damnsbiliscr
1034 2700 1231 2760 corrumpant,
1243 2692 1390 2748 evellam

178 2773 323 2827 rudieibus
342 2779 488 2842 extirpare
508 2777 666 2840 cupientes,
684 2777 859 2827 trateruituti
878 2780 937 2834 tue.
957 2777 992 2828 de
1012 2790 1069 2840 qua
1088 2778 1118 2827 in
1139 2777 1197 2828 biis
1217 2782 1248 2830 et
1266 2777 1327 2830 aliis
1343 2785 1386 2826 non

178 2857 322 2909 immerito
344 2859 497 2924 specialem
518 2861 547 2909 in
569 2859 691 2909 Domino
710 2859 841 2909 fiduciam
858 2859 1029 2923 obtinemus,
1049 2873 1102 2924 per
1120 2860 1280 2924 apostolica
1299 2858 1385 2922 sulpit

178 2941 380 2991 committimus
396 2948 427 2991 et
443 2942 620 3001 mandamus,
632 2950 771 3004 quatenns
787 2941 822 2992 de
839 2942 987 3006 premissis
998 2942 1129 2992 omnibus
1140 2947 1171 2994 et
1182 2943 1305 3009 singulis
1314 2938 1385 3004 iuqui-

177 3034 225 3071 ras
236 3024 407 3074 auctoritate
424 3034 524 3073 nostra
539 3022 711 3088 diligencius
722 3024 882 3088 veritatem,
894 3027 924 3076 et
935 3039 1006 3087 quos
1017 3038 1069 3089 per
1080 3026 1298 3088 inquin'tiouem
1309 3024 1384 3077 buius

177 3103 255 3153 modi
275 3105 432 3169 culpabiles
453 3119 516 3156 ense
536 3107 689 3169 repereris,
708 3107 732 3155 si
753 3107 833 3156 iuxta
849 3109 999 3157 canonicus
1016 3109 1179 3159 sanctiones
1196 3113 1228 3160 et
1244 3111 1385 3159 melorum

176 3188 291 3250 patrum
302 3189 433 3237 instituta
443 3202 476 3237 se
486 3188 640 3238 emendare
651 3201 683 3238 ac
696 3189 833 3252 depomtis
844 3190 880 3241 de
891 3190 1025 3240 cordibus
1036 3203 1137 3240 eorum
1154 3191 1286 3243 totaliter
1300 3186 1386 3243 mori·

176 3266 231 3318 bus
240 3271 378 3333 predictis
389 3270 426 3319 ad
435 3270 564 3320 Exiet-ie
572 3272 719 3325 unitatem.
730 3271 857 3322 heretica
868 3270 932 3322 labe
945 3272 1107 3322 huiusmodi
1119 3273 1262 3336 abiurata,
1270 3275 1358 3326 redire
1367 3270 1390 3320 et
1406 3282 1409 3292 ¹

176 3349 250 3402 tales
268 3354 481 3417 proponis-sues
501 3365 566 3402 esse
585 3353 778 3418 med-icas,
796 3353 884 3404 laisss
906 3357 936 3405 et
958 3354 1100 3406 baeticas
1120 3368 1153 3406 ac
1173 3355 1249 3407 male
1272 3358 1390 3408 sonantes

176 3433 264 3483 lateii
280 3438 310 3484 et
326 3448 392 3483 eum
409 3434 513 3484 etim
525 3444 556 3482 nt
568 3433 639 3484 tales
649 3437 777 3487 refutare
789 3435 944 3497 noluerint,
955 3437 1098 3489 baeticis
1109 3437 1259 3490 dudm
1270 3442 1310 3498 et.
1321 3440 1394 3505 prout

178 3516 403 3578 uniuscuiusque
409 3529 510 3565 curum
519 3529 652 3567 excessus
659 3520 800 3583 exegerit,
809 3520 905 3571 debits
913 3533 987 3584 pens
998 3521 1110 3584 punire.
1122 3520 1225 3571 eadem
1235 3522 1397 3572 auetoritste

177 3598 829 3663 proeumxoseninfibioonuaaffirmantes
837 3603 1046 3666 propositiones
1055 3602 1273 3655 buia-odissi
1283 3604 1399 3669 aliquan

176 3693 286 3738 earum
292 3690 323 3733 et
333 3679 512 3746 gnealue
518 3691 618 3733 contra
628 3697 821 3748 quoscumque
830 3685 973 3736 hereticos
982 3686 1012 3735 in
1020 3686 1136 3737 ciuitate
1145 3696 1175 3737 et
1183 3687 1260 3738 dioc.
1270 3688 1401 3741 leodien.

175 3772 387 3815 commorantes
403 3774 585 3828 protempore
600 3780 633 3816 ac
651 3767 830 3826 adimentes.
847 3771 1041 3833 receptatores
1058 3778 1087 3820 et
1106 3768 1278 3823 detensores
1297 3786 1404 3833 eorum.

176 3846 381 3910 cuiuscumque
398 3846 556 3911 dignitatis,
568 3849 674 3913 gradus
690 3849 735 3901 sel
752 3851 923 3901 conditionis
934 3851 1068 3910 existam.
1081 3861 1110 3903 et
1121 3865 1305 3919 quacumque
1317 3855 1405 3909 eccie-

178 3927 293 3982 siastics
302 3928 349 3980 rel
361 3929 505 3980 mundana
514 3930 695 3997 prdnlgeant
711 3933 849 3999 dignitate
866 3944 895 3984 et
911 3934 1091 3993 suctoritate,
1105 3948 1137 3985 ac
1155 3936 1309 3999 quibusvis
1325 3940 1408 4005 privi·

176 4009 929 4080 legiissintnuniffiperteselaliumseualios.quos
941 4016 1057 4068 duxeris
1069 4017 1249 4072 adbociidei
1259 4026 1408 4091 negotium

179 4092 366 4160 depchadum
383 4108 438 4160 per
459 4098 677 4157 mundonem,
698 4098 940 4151 denuntiationem
959 4104 1009 4150 sut
1028 4101 1248 4163 inquisitionem
1270 4107 1365 4160 semel
1384 4112 1412 4158 et

176 4175 1020 4246 pluriffidmulreisucceaaireprumendieteoscspiet
1037 4184 1412 4253 mammaeam„

176 4268 308 4324 repertos
317 4260 488 4326 culpabiles,
498 4272 584 4326 prout
600 4265 708 4314 enoris
724 4263 845 4326 qualitas
861 4266 1003 4331 exegerit,
1014 4266 1120 4317 acriter
1131 4268 1290 4335 puniendi,
1302 4280 1336 4324 et
1348 4273 1413 4325 illos

175 4354 210 4393 ac
220 4345 446 4396 contradictores
457 4344 599 4407 quoslibet
615 4352 645 4396 et
661 4345 793 4397 rebelles.
805 4360 858 4411 per
868 4360 1020 4398 censuram
1030 4347 1183 4399 ecclesiam
1193 4360 1415 4420 commui,

175 4422 325 4478 mitium
335 4426 466 4478 aesalare
475 4440 528 4491 pro
540 4427 642 4478 borum
653 4429 778 4479 omnium
789 4438 818 4480 et
830 4431 1050 4495 dependentium
1062 4432 1217 4485 sbeisdem
1227 4443 1415 4501 executione.

176 4507 203 4560 si
219 4522 292 4575 opus
306 4509 911 4577 tuaitinuucanmetgeneraliteromnia
925 4524 954 4565 et
971 4514 1419 4585 ungnlnqueinpmffla

177 4590 255 4647 circs
270 4606 307 4646 ea
321 4593 486 4646 semia
498 4593 608 4646 tuerint
624 4605 675 4645 seu
691 4592 904 4657 quomodolibet
922 4599 1073 4662 oportuna,
1090 4600 1120 4651 et
1138 4611 1199 4664 que
1218 4603 1420 4673 inquisituros
