3210 5386
593 496 697 550 ANNO
717 495 781 548 1349
1269 502 1303 554 37

66 664 113 716 est
127 661 183 715 illa
200 659 372 715 uniuersalis
390 660 481 712 oratio
502 659 641 721 Ecclesie,
664 674 719 725 que
740 661 860 712 offertur
876 675 929 727 pro
946 663 1064 727 perfidis
1080 663 1176 716 Iudeis
1198 678 1215 715 a
1234 664 1303 716 solis

67 747 134 796 ortu
154 757 245 808 nsque
266 745 302 795 ad
322 756 463 803 occasum,
483 744 514 794 ut
538 743 614 794 Deus
635 745 665 794 01
685 743 823 794 Dominus
841 744 953 795 auierat
969 744 1098 797 velamen
1117 746 1152 797 de
1169 746 1303 797 cordibus

64 840 178 886 eorum,
196 827 230 877 ut
246 826 283 877 ad
299 825 396 878 lumen
413 825 544 876 veritatis
562 824 597 875 de
616 825 675 875 suis
694 825 821 876 tenebris
838 829 992 877 eruanturi
1010 827 1072 878 Nisi
1085 827 1161 877 enim
1180 841 1239 887 cos,
1253 829 1301 892 quj

65 906 210 972 increduli
223 908 301 972 sunt,
314 907 474 959 credituros
487 909 627 969 speraret,
646 907 822 970 superfluum
841 907 988 958 videretur
1000 909 1029 959 et
1040 922 1143 959 vanum
1155 922 1238 960 orare
1251 923 1303 974 pro

66 990 121 1042 eis.
140 988 197 1041 Sed
214 988 415 1041 considerabat
432 986 514 1038 oculo
533 987 661 1051 pietatis,
680 988 755 1050 quod
773 989 912 1039 Dominus
930 989 1016 1040 habet
1032 992 1193 1053 respectum
1210 992 1303 1057 gratio

65 1071 147 1136 apud
158 1085 233 1134 eum,
247 1071 295 1135 quj
309 1069 404 1120 reddit
420 1069 496 1120 bona
511 1083 564 1133 pro
582 1070 665 1119 malis
683 1071 712 1121 et
729 1068 912 1120 dilectionem
929 1085 981 1134 pro
999 1071 1073 1121 odio.
1092 1070 1144 1134 Vbj
1163 1073 1303 1138 astorgo,

66 1152 147 1217 quod
164 1152 272 1204 dictum
292 1152 337 1203 est
356 1150 473 1202 Iudeis:
497 1169 509 1191 u
523 1151 567 1202 Ne
587 1151 699 1202 occidas
719 1164 769 1202 eos
780 1152 818 1213 (i)
831 1153 862 1201 „i
882 1152 927 1216 vbj
950 1154 1014 1203 est:
1038 1172 1050 1193 ιι
1064 1152 1134 1203 Cum
1155 1152 1303 1217 plenitudo

64 1232 201 1299 gentium
217 1232 381 1290 intrauerit,
400 1234 468 1282 tunc
486 1231 578 1282 omnis
596 1231 686 1283 Israel
704 1231 800 1283 saluus
818 1232 957 1295 1101121111
974 1233 1021 1283 vbi
1038 1235 1082 1284 est
1102 1254 1107 1282 :
1128 1253 1140 1275 a
1159 1234 1304 1285 Editicans

62 1313 247 1366 Iberusalem
268 1314 416 1377 Dominus,
438 1313 632 1377 dispersiones
652 1312 768 1365 Israelis
790 1314 981 1379 congregabit
990 1315 1026 1377 (3)
1040 1317 1071 1365 »i
1092 1315 1135 1366 Tu
1156 1329 1224 1368 esne
1242 1315 1301 1376 ille,

63 1396 116 1460 qni
143 1396 297 1449 mendaces
320 1396 408 1447 iacies
431 1395 586 1459 prophetas
610 1396 639 1446 et
661 1394 813 1446 euacuabis
839 1410 938 1446 omnes
962 1396 1112 1447 thesauros
1134 1398 1249 1462 pietatis
1272 1400 1302 1449 et

62 1478 267 1529 misericordie
290 1476 376 1528 ihesu
401 1475 601 1540 0111111110).
620 1476 681 1528 Hec
701 1476 874 1528 Bernartius.
897 1477 927 1528 Si
947 1479 1067 1543 predict]
1092 1478 1299 1544 Flagellatores

61 1559 125 1610 ista
148 1558 305 1625 diligenter
327 1559 520 1619 aduerterent,
551 1573 607 1609 non
636 1559 771 1622 putarent
793 1573 824 1610 se
854 1559 915 1610 Dco
939 1559 1054 1623 placere
1076 1561 1107 1610 in
1130 1554 1300 1611 exterminio

63 1641 236 1693 Iudeorum.
257 1641 364 1692 Verum
382 1641 426 1692 est
443 1642 548 1698 autem,
567 1640 643 1703 quod
661 1639 752 1691 adhuc
770 1642 815 1692 est
831 1655 886 1691 vnn
905 1654 1001 1698 causa,
1023 1655 1111 1704 quare
1131 1641 1231 1692 volunt
1251 1655 1300 1693 eos

63 1723 204 1775 occidere
216 1737 223 1772 τ
236 1723 387 1787 imponunt
398 1723 474 1774 enim
486 1722 539 1780 eis,
552 1723 628 1785 quod
641 1721 726 1771 huius
737 1735 840 1787 magne
851 1722 1044 1781 mortalitatis,
1058 1736 1113 1786 que
1125 1723 1233 1787 incepit
1244 1725 1300 1774 iam

63 1806 215 1857 1111011100
232 1805 298 1869 annj
318 1807 347 1856 01
364 1803 486 1868 amplius
504 1806 534 1855 et
551 1803 644 1854 adhuc
661 1804 740 1869 viget
756 1804 787 1854 in
804 1802 949 1854 nonnullis
967 1805 1106 1868 partibus,
1119 1806 1174 1869 ipsi
1193 1806 1300 1855 suntin

63 1899 166 1938 causa.
189 1886 293 1937 Dicunt
313 1887 399 1948 enim,
424 1886 500 1949 quod
524 1898 635 1948 aquam,
660 1885 733 1935 vnde
755 1886 880 1936 maxima
901 1899 968 1951 pars
991 1886 1107 1950 humanj
1132 1887 1300 1937 nutrimenti

65 1968 224 2033 dependet,
248 1968 411 2019 iniecerunt
432 1968 461 2018 in
484 1967 578 2017 tontes
607 1968 636 2017 et
661 1975 763 2031 puteos
788 1967 954 2031 proiciendo
980 1982 1099 2026 venena,
1125 1981 1177 2019 nec
1202 1967 1301 2019 volunt

63 2049 189 2101 01011010
201 2050 383 2114 epydimiam,
395 2049 426 2113 jd
439 2050 483 2100 est
494 2049 679 2100 iniectionem
697 2049 772 2099 acris
788 2051 913 2100 creatam
926 2063 943 2099 a
954 2049 1122 2113 corporibus
1135 2049 1298 2107 celestibus,

62 2130 252 2183 mortalitatis
262 2130 411 2196 prehabito
422 2144 536 2182 cansam
549 2143 626 2193 esse;
637 2143 720 2193 quam
731 2132 825 2181 tamen
838 2132 993 2195 astronomi
1007 2144 1044 2183 cx
1056 2145 1143 2182 cursu
1155 2133 1297 2183 astrorum

66 2227 135 2266 esse
146 2213 273 2264 iuturam
287 2212 341 2263 hoc
352 2214 481 2277 tempore
493 2211 580 2277 longe
593 2214 659 2263 ante
677 2212 821 2262 dixerunt.

101 2294 164 2345 Has
181 2295 211 2345 ct
228 2293 332 2345 multas
349 2292 420 2344 alias
436 2294 548 2357 ineptas
566 2293 764 2344 obseruantias
781 2293 891 2343 iaciunt
908 2294 937 2344 et
954 2293 1108 2345 obseruant
1119 2307 1172 2359 pro
1185 2294 1299 2346 statutis

67 2375 236 2441 attegibus.
927 2407 935 2428 ι

99 2457 218 2514 Verum,
237 2457 320 2522 pater
337 2455 510 2513 beatissIme,
530 2458 665 2520 quantum
684 2456 786 2509 Vestro
802 2456 951 2521 SanctItatj
970 2471 1097 2522 congrue
1117 2459 1213 2522 potest
1232 2458 1299 2521 dici,

66 2540 146 2603 quod
159 2539 266 2590 dictum
282 2539 328 2590 est
343 2541 440 2589 sancto
459 2538 560 2602 Moysi,
580 2538 704 2602 principi
716 2539 854 2603 sinagoge
867 2552 1010 2602 supremo,
1022 2540 1109 2602 vestri
1122 2540 1299 2604 principatus

65 2636 119 2673 scu
139 2621 316 2685 presidentia
337 2621 448 2685 gerent]
472 2619 603 2684 liguram,
627 2619 717 2670 Exodi
740 2620 769 2669 18
791 2635 797 2670 :
821 2640 834 2662 a
848 2622 916 2672 Esto
938 2622 968 2671 tu
988 2620 1093 2685 populo
1111 2623 1141 2671 in
1160 2621 1225 2681 hiis,
1244 2634 1299 2683 que

63 2703 101 2756 ad
120 2704 214 2755 Deum
230 2703 386 2767 pertinent,
406 2704 438 2752 ut
454 2703 564 2753 referas
582 2716 638 2766 que
657 2703 791 2753 dicuntur
809 2702 845 2752 ad
864 2704 964 2757 Deum,
985 2703 1175 2764 ostendasque
1193 2701 1299 2766 populo

67 2785 242 2836 cerimonias
260 2784 394 2836 01111001
414 2782 538 2848 colendj,
559 2785 691 2847 viamque
711 2797 764 2848 per
784 2797 868 2847 quam
889 2784 1002 2849 ingredj
1024 2783 1147 2834 debeant
1166 2785 1195 2834 et
1217 2797 1299 2847 opus,

65 2867 145 2931 quod
167 2866 273 2917 iacere.
294 2888 306 2910 n
330 2865 502 2930 Eaproptcr,
527 2879 590 2916 cum
616 2867 722 2930 optime
752 2866 903 2923 nonarius,
926 2878 1018 2930 regno
1041 2868 1136 2916 vestro
1159 2865 1299 2931 predicto,

66 2947 178 3000 sellicet
201 2946 336 3010 militantj
362 2946 500 3004 11001οε10,
525 2947 673 2998 0110110010
697 2947 844 3011 expedire,
869 2950 901 2998 ut
923 2947 980 2998 ista
1002 2950 1088 3005 secta,
1110 2948 1156 2997 cui
1179 2947 1299 2998 tacendo

66 3029 236 3080 videbimini
254 3029 425 3087 consentire,
444 3042 497 3092 per
514 3031 637 3080 vestram
655 3027 910 3080 dissimulationem
928 3028 1049 3093 amplius
1066 3029 1187 3093 recipiat
1203 3030 1297 3080 incre-

67 3111 208 3166 mentum,
233 3109 347 3160 nomine
369 3109 565 3173 predictorum
587 3109 766 3160 dominorum
790 3123 929 3169 meorum,
953 3123 1073 3173 quorum
1094 3124 1156 3160 sum
1181 3110 1300 3161 nuncius

68 3191 139 3242 11001
156 3190 325 3249 immeritus,
344 3189 445 3241 Vestro
463 3190 611 3254 Sanctitatj
631 3190 779 3242 humiliter
796 3190 935 3254 supplico,
948 3192 1066 3243 flectens
1084 3205 1188 3256 genua,
1206 3192 1300 3241 cordis

67 3273 125 3336 mej
159 3285 165 3321 :
196 3272 330 3334 quatinus
359 3271 443 3322 huius
474 3274 551 3322 secte
580 3286 630 3323 seu
659 3273 755 3337 potius
784 3274 892 3322 orrorIs
920 3272 1101 3323 manilestum
1130 3273 1244 3328 zizania.
1265 3285 1300 3323 ne

67 3354 199 3405 triticum
229 3353 359 3410 suffocet,
388 3353 537 3404 eradicare
567 3351 672 3412 velitis,
703 3355 788 3405 tinem
816 3354 949 3406 iaciendo
979 3354 1167 3413 sermonibus,
1199 3354 1299 3405 Vestra

67 3435 219 3499 Sanctitatj
232 3436 367 3500 repetens
380 3435 477 3485 thema
487 3436 517 3485 in
530 3435 673 3500 principio
691 3438 930 3501 preaesumptum,
949 3451 1013 3487 eum
1025 3436 1193 3500 quibusdam
1205 3435 1300 3487 verbis

65 3517 98 3568 111
118 3516 221 3569 eodem
242 3518 323 3567 textu
344 3516 529 3579 sequentibus
550 3531 556 3567 ι
578 3516 628 3568 Est
644 3517 766 3585 prpulus
782 3533 838 3584 per
858 3533 953 3569 omncs
973 3519 1136 3584 prouincias
1155 3519 1237 3585 reynj
1259 3517 1301 3584 luj

66 3597 222 3666 dlspmus,
245 3600 429 3649 0001111010
453 3597 561 3664 lepidus
584 3606 609 3649 et
632 3599 808 3666 cerimom'js;
832 3601 861 3650 et
895 3600 1002 3663 optime
1029 3599 1115 3663 nosti,
1145 3599 1221 3662 quod
1244 3613 1300 3649 non

65 3680 205 3745 expediat
220 3693 311 3744 regno
329 3682 389 3737 tuo,
408 3682 440 3731 ut
457 3680 611 3732 insolescat
628 3694 681 3746 per
697 3681 853 3739 licentiam,
871 3681 903 3745 jd
922 3682 968 3732 est
986 3683 1097 3733 crescat
1115 3694 1167 3745 per
1187 3681 1300 3732 simula·

65 3763 189 3814 tionem.
198 3762 229 3813 ei
238 3762 289 3826 tibi
303 3761 406 3827 placet,
416 3762 548 3820 (1000100,
560 3764 592 3813 ut
603 3765 712 3827 percat.
724 3762 804 3823 Quod
816 3763 896 3814 vobis
908 3776 963 3814 vna
974 3777 1038 3814 cum
1050 3762 1104 3814 boc
1113 3763 1299 3815 sacrosancto

65 3843 201 3909 (tullegio
225 3843 323 3895 taliter
344 3844 440 3895 iacere
463 3845 601 3894 concodat
622 3844 797 3903 Altissimus,
821 3846 862 3904 ut,
892 3845 1048 3896 secundum
1070 3845 1187 3896 verbum
1210 3845 1298 3909 vestrj

64 3926 293 3992 predecessoris,
311 3926 395 3989 primj
414 3926 511 3990 vicarlj
531 3925 617 3977 Ihesu
636 3925 752 3984 Christi,
772 3927 851 3991 Petrj
871 3925 991 3986 scilicet,
1010 3927 1113 3978 Prima
1125 3925 1205 3978 Petri
1215 3926 1298 3989 5(5):

65 4026 82 4052 ι
96 4008 169 4060 Cum
191 4008 357 4071 apparuerit
379 4007 513 4072 princeps
537 4011 693 4071 pastorum,
719 4009 885 4073 percipiatis
913 4007 1177 4060 immarcessibilem
1200 4009 1299 4059 eterne

64 4090 165 4157 glorie
175 4103 320 4140 coronam.
335 4111 347 4132 n
360 4089 404 4139 Ad
418 4102 503 4152 quam
516 4103 568 4140 nos
580 4091 729 4154 perducat,
742 4091 797 4142 010.

101 4277 140 4338 (l)
160 4274 341 4327 Pscrlmorum
353 4277 395 4335 57,
411 4276 451 4325 12.

100 4361 139 4422 (2)
158 4358 204 4411 sd
217 4359 356 4411 Romnum
367 4358 393 4417 9,
406 4358 493 4409 25-26.

102 4441 141 4502 (3)
158 4437 342 4490 Psalmorum
355 4439 411 4499 lto,
426 4441 451 4490 2.

101 4520 141 4584 (t)
158 4521 264 4586 Iligne,
277 4519 341 4572 decl
353 4520 522 4580 CLXXXII,
535 4521 593 4572 lroi.
606 4522 664 4573 571.

104 4602 144 4665 (5)
161 4603 179 4659 1,
189 4600 234 4654 Ad
246 4601 402 4654 Corinthios
411 4603 437 4654 5.
