3210 5386
351 526 666 586 viissblirssmrvuuu
683 530 733 584 EN
751 529 1044 585 AANVULLINGEN
1260 534 1309 587 l'lt

613 697 694 750 Anno
712 695 785 750 4825.

163 811 358 865 sWaldenzen
380 826 434 865 van
455 812 575 865 Ahecht
596 825 632 864 en
656 813 771 864 Dowaai
793 811 915 871 hebben,
936 813 965 864 in
988 814 1022 865 de
1045 814 1139 866 eerste
1161 814 1234 866 helit
1258 816 1310 868 der

165 905 246 956 eeuw,
259 894 444 960 voorloopers
455 894 549 961 gehad
561 895 590 946 ln
604 896 637 946 de
650 894 820 962 Beggarden
831 909 886 946 van
898 895 1020 954 Kaulen,
1034 896 1062 948 te
1076 896 1228 949 oordeelen
1240 911 1310 950 naar

165 975 276 1040 bericht,
298 978 347 1029 dat
366 976 527 1030 willelmus
548 977 728 1035 Procurator,
748 990 802 1029 een
822 978 941 1029 monnils
959 991 1012 1029 van
1032 978 1082 1031 het
1105 978 1234 1031 klooster
1254 994 1309 1032 van

163 1060 229 1122 lond,
240 1073 273 1112 er
284 1074 336 1112 ons
348 1060 428 1114 heett
439 1073 492 1110 van
505 1059 665 1126 nagelaten.
678 1059 779 1124 Dewljl
796 1058 847 1111 het
857 1060 918 1112 niet
928 1061 1078 1113 voorkomt
1088 1062 1118 1112 in
1129 1061 1157 1114 J.
1171 1061 1309 1114 Hansen’s

163 1138 204 1193 llos
215 1141 273 1194 and
290 1140 532 1208 Untsrsucbunyen
551 1157 605 1194 sur
618 1138 776 1194 cenaene
787 1141 835 1195 du
848 1140 1045 1195 Haosnwatns
1060 1142 1121 1196 und
1137 1143 1189 1196 der
1199 1143 1309 1197 Hsosn·

163 1221 250 1292 'rlyuug
260 1225 302 1276 s'm
313 1223 476 1278 Mittelalter
487 1225 578 1288 (Ronn
593 1223 675 1287 1901),
688 1237 772 1290 moge
783 1224 834 1277 het
845 1225 908 1277 hier
920 1239 973 1277 een
984 1225 1105 1290 plaatsje
1116 1226 1220 1278 vindan
1230 1244 1236 1279 :

163 1356 227 1408 idem
244 1354 422 1425 anno'[1325]
439 1359 634 1425 Begardorum
651 1359 787 1423 nequitia,
806 1372 878 1422 quae
895 1360 1013 1411 diversis
1030 1360 1128 1411 mundi
1146 1359 1307 1413 climatibus

163 1451 223 1490 enus
234 1439 325 1493 latere
336 1441 473 1505 cernitur,
486 1442 560 1505 apud
573 1440 718 1492 Coloniam
734 1441 909 1506 propalatur.
922 1441 973 1492 isti
990 1442 1066 1493 enim
1082 1455 1181 1494 eorum
1199 1444 1304 1495 ibidem

163 1522 237 1574 itiam
246 1523 443 1587 praedicantes
455 1526 484 1575 et
502 1525 645 1574 mamonas
663 1524 756 1575 varias
768 1524 803 1573 ad
815 1524 939 1588 ipsorum
951 1522 1076 1575 ludibria
1092 1524 1303 1584 contrahentes,

163 1607 230 1656 terra
241 1606 381 1669 quoddam
392 1605 522 1657 mirabile
534 1604 724 1657 habitaculum
736 1606 872 1665 fecerant,
883 1605 958 1669 quod
970 1603 1151 1672 Parcdysum
1159 1607 1306 1658 vocabant.

163 1687 225 1738 ibus
241 1688 317 1739 enim
333 1686 411 1738 illico
424 1688 530 1739 divitiis
543 1688 702 1740 affluebant.
715 1689 759 1740 Ad
776 1701 859 1752 quem
878 1687 981 1746 locum,
995 1690 1025 1739 ut
1042 1687 1165 1752 saepius,
1178 1688 1263 1740 etiam
1275 1689 1306 1740 in

163 1769 352 1822 eParasceves
364 1771 517 1823 convenire
530 1771 723 1834 decreverant,
741 1770 790 1821 ubi
807 1771 953 1834 qu'usdam
970 1771 1094 1834 potentis
1112 1784 1230 1822 uxorem
1242 1785 1306 1822 cum

163 1852 192 1902 rls
203 1853 367 1904 invitabant.
380 1851 435 1905 Illa
444 1854 541 1917 itaque
552 1853 587 1904 ad
599 1853 756 1917 praelatum
768 1851 861 1903 locum
879 1853 978 1905 eodem
997 1854 1124 1917 tempore
1141 1855 1306 1905 transeunte

163 1947 206 1998 que
221 1934 323 1986 marito
341 1949 397 1986 uon
414 1935 554 1986 modicam
570 1937 670 1986 contra
685 1935 776 1999 ipsam
793 1936 981 1999 suspicionem
1000 1934 1132 1997 habente,
1143 1937 1207 2001 ipsa
1217 1935 1307 1988 lorica

163 2015 222 2080 itus,
234 2018 379 2082 cuiusdam
391 2031 503 2082 quoque
514 2016 640 2069 Lollardi
657 2016 755 2068 babitu
772 2016 887 2068 indutus
904 2018 940 2068 ad
950 2018 1109 2081 praelatum
1120 2016 1214 2069 locum
1224 2018 1305 2071 testi·

175 2100 303 2159 traditur,
321 2101 402 2165 cuius
418 2100 520 2152 semita
535 2113 588 2164 per
605 2099 703 2151 uxoris
719 2099 917 2163 pedissequam
937 2100 1105 2151 ostentatur.
1123 2099 1188 2164 Ipse
1207 2100 1304 2165 itaque

173 2183 271 2234 ceteris
290 2181 453 2246 hujusmodi
475 2182 645 2247 paradysum
667 2181 841 2247 ingrediens,
863 2181 914 2232 sed
936 2180 966 2231 in
989 2181 1093 2248 angulo
1116 2182 1249 2246 privatim
1271 2196 1303 2234 se

163 2264 235 2324 viena,
247 2266 393 2330 gestorum
410 2264 588 2315 diversitates
605 2264 705 2314 nititur
716 2263 857 2315 discutere
869 2264 898 2314 et
909 2263 995 2315 finem
1006 2264 1058 2315 sub
1076 2263 1189 2316 silentio
1201 2278 1302 2330 expec-

173 2344 295 2408 Quorum
305 2347 399 2398 medio
411 2347 525 2411 quidam
536 2346 663 2410 ipsorum
678 2346 857 2410 reputatione
873 2343 1023 2409 valentior,
1036 2346 1130 2398 luerat
1141 2347 1217 2398 enim
1228 2347 1305 2399 inter

163 2439 196 2479 sos
218 2427 406 2493 eloquentior,
428 2428 529 2481 nititur
551 2440 679 2494 surgere,
699 2427 729 2479 iu
751 2427 840 2479 Jhesu
863 2441 986 2492 suaeque
1009 2428 1108 2480 matris
1131 2428 1248 2487 Mariae,
1273 2429 1305 2480 ut

163 2511 189 2572 st,
199 2511 371 2575 praesentia,
381 2510 488 2564 erroris
497 2511 644 2563 materiam
653 2509 883 2575 propalare.Duo
893 2510 979 2569 enim,
989 2512 1021 2561 ut
1029 2525 1082 2576 per
1090 2511 1304 2575 conceptionem

163 2605 195 2653 ar,
207 2594 313 2645 ibidem
325 2594 452 2652 aderant,
466 2594 514 2658 qui
526 2608 557 2645 se
567 2592 685 2645 Mariam
697 2593 726 2643 et
737 2592 799 2656 eJus
810 2590 901 2642 fllium
912 2592 1085 2644 asserebant
1098 2593 1197 2644 Dictus
1208 2594 1304 2656 itaque

163 2689 179 2725 is
188 2677 354 2741 praedicans
367 2679 396 2728 et
413 2690 510 2728 omnes
526 2689 606 2727 more
623 2676 805 2726 innocentum
822 2674 857 2724 ad
874 2674 1030 2725 nuditatem
1047 2673 1210 2733 exhortans,
1223 2675 1302 2726 vario

163 2770 184 2810 re
203 2762 260 2811 tam
280 2760 373 2824 prima
392 2773 475 2823 quam
493 2758 587 2810 media
608 2758 708 2808 nititur
725 2757 869 2821 detegere,
887 2757 916 2806 et
935 2755 1144 2808 conclusionem
1165 2756 1301 2817 tenebris,

163 2843 259 2893 lcticna
269 2841 451 2893 candelarum
462 2839 604 2898 videlicet,
617 2840 778 2902 deturpare,
790 2837 840 2888 ubi
852 2838 918 2889 dum
931 2836 1049 2901 quilibet
1059 2852 1211 2902 porcorum
1222 2852 1301 2889 more

163 2925 277 2976 vnititur
288 2924 437 2988 subjicere,
450 2924 543 2975 carnis
555 2935 666 2987 quoque
678 2921 801 2971 officium
813 2933 922 2971 summa
933 2920 1013 2983 quasi
1030 2920 1137 2972 invidia
1147 2921 1302 2985 perficere,

163 3019 179 3056 a
194 3008 295 3071 potens
311 3007 456 3072 peregrini
473 3006 572 3058 ordine
590 3007 619 3057 et
635 3003 715 3067 quasi
732 3016 799 3054 casu
816 3003 948 3067 propriae
966 3003 1048 3054 uxori
1064 3003 1203 3069 jungitur,
1221 3003 1302 3067 cujus

163 3087 202 3139 lla
211 3089 356 3141 subtracto
372 3087 504 3140 similiter
520 3086 624 3139 munio
641 3085 815 3137 vulneratur.
828 3084 886 3143 Quo
898 3086 983 3146 tacto,
995 3100 1105 3138 summa
1120 3086 1303 3138 testinatione

163 3183 187 3220 ur
197 3173 308 3237 lugere,
319 3172 347 3221 et
358 3171 404 3221 die
416 3171 539 3221 crastina
547 3169 657 3229 cuncta,
668 3182 739 3233 quae
749 3168 867 3226 viderat,
876 3167 1037 3232 propalare.
1048 3166 1203 3232 Capiuntur
1215 3169 1304 3233 igitur

169 3254 293 3317 praelato
310 3252 400 3305 Jhesu
418 3253 534 3316 ejusque
551 3254 642 3303 matre
659 3250 743 3314 huJ'us
761 3252 855 3302 sectae
872 3249 988 3315 singuli,
1001 3263 1121 3313 quorum
1138 3263 1240 3314 corpus
1253 3250 1302 3300 aut

163 3337 301 3402 uoragine
311 3335 359 3386 aut
365 3334 460 3386 Rheni
466 3333 606 3400 illlumiue
615 3334 777 3384 suffocatur.
784 3332 857 3392 Quid
863 3334 957 3384 autem
966 3332 1070 3383 dictum
1079 3332 1223 3396 potentem
1232 3344 1301 3382 suae

163 3419 206 3471 iin
216 3420 371 3471 amicorum
379 3418 540 3482 praesentia
550 3415 737 3468 tamvulneris
743 3416 903 3468 ostensione
911 3429 994 3479 quam
1003 3414 1100 3467 annuli
1109 3415 1302 3467 subtractione

163 3502 267 3555 osuisse
278 3501 427 3552 didicimus
439 3500 591 3552 breviatur.
605 3499 708 3551 Fertur
718 3500 867 3562 praeterea
878 3499 1018 3561 quendam
1033 3496 1110 3549 illico
1121 3498 1253 3562 juvenem
1265 3498 1301 3548 ob

163 3597 212 3636 rem
222 3585 360 3652 lugieutis
371 3586 532 3647 tactumque
541 3583 672 3648 negantis
684 3582 763 3645 quasi
780 3594 832 3645 per
843 3583 953 3645 tempus
965 3581 1097 3640 delicere,
1110 3580 1223 3632 tandem
1235 3592 1302 3632 vero

163 3668 240 3718 *rosis
251 3667 415 3718 instantiam
425 3666 585 3718 cicatricem
596 3664 722 3717 vulneris
733 3664 866 3721 enodare,
876 3676 928 3727 per
936 3669 1020 3726 quam
1031 3664 1067 3714 ad
1078 3663 1218 3727 quoddam
1228 3661 1305 3714 velut

163 3762 175 3800 a
188 3750 320 3815 paradysi
331 3749 522 3801 habitaculum
535 3748 647 3813 saepius
663 3747 784 3806 ducitur,
798 3745 846 3796 ubi
858 3744 977 3798 dilectae
988 3747 1046 3796 tam
1057 3746 1088 3797 in
1100 3744 1204 3797 osculis
1220 3758 1304 3809 quam

164 3830 672 3896 terisviceplurimasociatur.cu1'us
684 3843 748 3879 cum
760 3841 874 3894 gressus
886 3828 1030 3886 deficeret,
1043 3828 1174 3892 dictaque
1185 3827 1305 3879 materia

163 3915 275 3966 :lentiae
286 3913 423 3965 malitiam
435 3913 641 3978 augmentaret,
650 3912 719 3977 iuga
729 3911 845 3974 petitur,
858 3912 1004 3962 confessor
1015 3911 1153 3974 queritur.
1165 3909 1210 3961 Ad
1220 3909 1302 3972 cujus

163 3998 250 4049 utiam
259 3997 373 4061 quaevis
383 3996 522 4047 dictorum
531 3994 620 4046 series
629 3991 799 4058 divulgatur.
807 3990 898 4056 Huius
906 3990 1303 4057 ltaqueParadysiCherubim

163 4080 256 4143 niente,
269 4079 421 4145 gladioque
433 4075 559 4129 versatili
570 4077 628 4140 jam
637 4074 773 4131 cessante,
788 4087 917 4126 accessus
925 4074 1067 4140 panditur,
1080 4073 1200 4125 ballivus
1211 4085 1303 4124 arces·

163 4199 169 4225 ,
192 4161 273 4225 cuius
295 4160 385 4211 vultui
406 4158 496 4211 multo
519 4158 610 4224 magis
635 4170 718 4220 quam
743 4156 841 4207 auditu
865 4158 1040 4221 perceperat,
1064 4156 1232 4213 ostentatur,
1255 4154 1305 4205 ubi

163 4256 235 4307 sque
252 4256 335 4294 sexus
351 4241 501 4294 multitudo
519 4240 639 4305 capitur,
652 4252 772 4303 quorum
788 4237 904 4303 plurimi
916 4239 1031 4291 denario
1042 4238 1223 4303 procurante,
1236 4250 1302 4288 ava-

163 4325 330 4394 instigante,
343 4325 442 4376 mortis
455 4323 574 4375 nexibus
586 4321 754 4374 liberantur.

356 4453 489 4506 willelmi
505 4452 653 4506 chronicon
669 4448 799 4505 monachi
815 4457 841 4505 st
852 4453 1045 4519 procuratoris
1061 4448 1249 4520 Egmcndom',
1266 4448 1304 4512 bij

384 4538 417 4589 A.
431 4536 599 4603 Matthaeus,
619 4534 720 4593 Veteris
729 4535 792 4598 oeci
803 4531 946 4601 Analecta,
958 4532 1020 4593 (leel
1031 4533 1063 4595 ΙΙ
1072 4531 1167 4607 (1738),
1180 4532 1233 4585 bia.
1245 4530 1307 4582 643·

384 4620 442 4675 644.
