3210 5386
549 509 653 564 ANNO
673 509 736 562 1460
1205 513 1252 564 105

18 677 161 738 quoniam
178 678 223 729 est
239 676 338 729 eadem
355 676 433 728 racio
450 676 486 727 ad
504 689 601 727 verum
613 677 648 728 de
661 675 798 739 utrisque,
813 678 842 727 et
853 675 878 726 si
891 689 977 727 unum
990 676 1158 736 infirmetur,
1172 677 1255 729 itaet

21 757 113 822 aliud,
125 760 263 824 quianon
277 761 321 810 est
333 758 423 809 maior
434 757 512 810 racio
534 759 568 809 de
586 772 642 808 uuo
661 771 744 821 quam
762 759 797 809 de
809 756 876 808 alio.
890 757 1063 822 Quamquam
1076 773 1142 810 vero
1154 760 1254 820 eciam,

23 841 193 906 priusquam
209 841 359 907 capiantur
375 853 427 906 per
443 840 594 898 iusticiam,
609 841 765 904 potuerunt
782 840 934 901 advisasse,
953 841 977 891 si
995 841 1024 891 in
1042 840 1155 892 iusticia
1172 856 1255 893 occu·

28 926 131 988 pentus
139 923 515 982 etconilteantur‚adstatim
524 924 618 975 iacere
627 923 841 975 revocacionem
850 937 886 975 ex
895 936 927 975 se
936 925 985 975 aut
993 922 1113 975 consilio
1126 924 1254 976 demonis

33 1008 79 1058 ant
93 1006 274 1072 complicum,
287 1003 366 1057 nullo
383 1004 439 1056 alio
457 1004 572 1057 homine
589 1018 641 1070 pro
659 1006 726 1056 tunc
738 1008 911 1072 suggerente
925 1006 1149 1071 revocacionem,
1164 1008 1213 1057 aut
1225 1006 1252 1056 in

36 1090 193 1143 carceribus
211 1092 349 1156 suggestu
367 1088 496 1140 demonis
507 1087 551 1140 vel
564 1086 644 1146 alias,
658 1089 751 1140 tamen
764 1087 947 1140 verisimilius
965 1090 1008 1140 est
1020 1090 1049 1140 et
1060 1090 1150 1155 magis
1162 1089 1254 1140 credi·

39 1170 99 1230 bile,
109 1173 186 1236 quod
197 1172 253 1223 iste
265 1169 466 1222 revocaciones
478 1169 536 1220 sint
547 1182 584 1222 ex
596 1169 708 1221 deiectu
720 1169 795 1221 bone
812 1171 941 1222 custodie
959 1173 988 1221 et
1005 1171 1190 1238 suggestione
1206 1184 1258 1221 seu

45 1254 233 1319 prosecucione
253 1250 421 1316 complicum
441 1253 472 1303 et
490 1253 685 1303 accusatorum
710 1253 832 1304 nondum
850 1254 998 1317 captorum
1019 1267 1071 1318 per
1091 1266 1121 1304 se
1142 1250 1186 1304 vel
1206 1265 1258 1316 per

46 1336 228 1388 internuncios
243 1324 292 1386 aut
308 1333 418 1386 litteras
436 1332 480 1384 vel
498 1333 711 1397 quomodolibet
728 1334 821 1393 aliter,
835 1337 938 1398 quibus
950 1336 1045 1387 omnia
1057 1337 1123 1387 sunt
1134 1333 1261 1387 revelata

50 1418 75 1470 et
86 1418 185 1483 aperta,
202 1419 253 1470 aut
268 1417 336 1480 quia
352 1416 454 1468 timent
470 1417 607 1474 accusari,
620 1420 686 1474 ete..
701 1417 744 1469 vei
763 1419 830 1480 quia
846 1416 945 1468 volunt
961 1418 1134 1471 contundere
1150 1430 1212 1468 rem
1230 1419 1261 1468 et

52 1512 170 1566 geneum
181 1497 355 1557 scandalum,
368 1499 434 1562 eto.;
447 1499 497 1549 aut
506 1501 696 1563 procurantur
708 1500 906 1551 accusaciones
919 1514 936 1551 a
947 1500 1111 1551 custodibus
1123 1499 1257 1558 carceris,

55 1581 92 1643 qni
104 1582 199 1634 bment
215 1581 250 1633 de
267 1594 299 1633 se
316 1583 366 1632 aut
382 1580 417 1633 de
437 1580 535 1632 amicis
556 1583 604 1632 aut
625 1582 742 1646 sperant
762 1580 806 1633 vel
829 1581 925 1645 aliqua
945 1583 1107 1633 inordinata
1127 1581 1260 1646 passione

56 1666 194 1728 mouentum
206 1667 360 1729 propterea
371 1662 568 1729 principaliter
580 1663 785 1728 providendum
803 1665 847 1715 est
863 1664 944 1716 circa
960 1678 1101 1725 carceres,
1116 1663 1260 1728 quoniam,

59 1744 238 1798 incarcerati
249 1745 322 1798 bene
334 1745 546 1798 custodirentur
555 1749 585 1797 et
594 1746 786 1802 visitarentur,
799 1760 851 1810 per
862 1746 958 1799 dulces
970 1748 1000 1800 et
1011 1746 1140 1799 salubres
1153 1746 1262 1798 exorta·

61 1826 141 1888 dona,
152 1828 277 1888 indubie,
290 1830 439 1892 postquam
457 1829 613 1880 intrassent
629 1828 838 1880 contessionem
855 1843 948 1887 suam,
962 1830 1215 1881 manutenerentur
1232 1828 1262 1877 iu

9 1920 16 1935 ’
63 1908 182 1962 stlitem
197 1910 416 1974 formidandum,
430 1910 507 1973 quin,
523 1909 559 1960 ad
574 1910 736 1961 iaciendum
749 1911 945 1963 contusionem
959 1915 988 1963 et
1005 1910 1168 1967 scandalum
1185 1911 1215 1961 et
1226 1922 1262 1960 ne

65 1992 205 2052 procedatur
222 1992 258 2043 ad
276 1990 356 2052 alios,
375 1991 546 2042 incarcerati
563 1991 618 2043 iam
636 1992 830 2056 promiserint,
843 1992 909 2043 dum
926 1994 1093 2057 pervenient
1110 1993 1145 2043 ad
1162 1991 1263 2042 mortis

66 2072 195 2132 wentam,
209 2087 348 2125 excusare
366 2075 512 2125 accusatos
529 2076 559 2125 et
575 2074 671 2126 dicere
688 2075 722 2125 de
734 2088 765 2125 se
777 2075 853 2126 etde
866 2074 939 2134 aliis,
953 2076 1048 2126 omnia
1059 2076 1086 2126 vi
1099 2075 1214 2132 dixisse,
1228 2074 1263 2124 de

68 2163 105 2213 quo
117 2169 207 2207 curare
226 2170 286 2206 non
304 2155 410 2207 habent
427 2156 536 2207 iudices
553 2157 636 2215 recti,
650 2158 681 2207 ut
693 2157 782 2221 prius.
796 2156 906 2208 Bonum
918 2158 1079 2222 esttamen,
1092 2157 1166 2222 quod
1178 2157 1265 2221 depu-

68 2232 137 2287 tentur
151 2238 322 2289 sufficientes
340 2239 370 2288 et
382 2237 498 2290 discreti
510 2239 682 2298 sacerdotes,
695 2253 756 2290 rem
768 2239 841 2291 hanc
854 2254 904 2291 seu
916 2240 1064 2291 materiam
1076 2240 1265 2290 communiter

70 2313 236 2386 intellegentes
246 2322 276 2371 et
284 2319 358 2372 bene
368 2320 474 2379 allecti,
484 2335 541 2372 nou
553 2322 662 2373 seducti
673 2322 891 2387 acomplicibus,
904 2324 954 2387 qui
963 2336 1062 2374 eorum
1071 2323 1265 2375 coniessIones

71 2398 155 2452 ausu
164 2404 192 2455 et
203 2402 364 2454 conducant
376 2416 426 2455 eos
439 2416 489 2455 seu
502 2405 643 2455 associent
655 2405 691 2455 ad
702 2405 854 2468 iusticiam,
867 2419 959 2469 neque
972 2404 1021 2457 alii
1036 2405 1101 2456 novi
1113 2406 1179 2456 tuno
1191 2405 1268 2455 circa

10 2560 25 2595 t
46 2596 49 2601 ·
94 2557 214 2614 Beroeam
231 2566 325 2614 autem
349 2564 538 2616 communiter
555 2565 584 2616 et
602 2565 744 2631 denegant
762 2580 812 2618 seu
829 2568 986 2618 retractant
1007 2566 1086 2632 prius
1108 2565 1268 2617 contessata

10 2643 25 2678 ἰ
71 2643 157 2705 propter
164 2646 228 2697 bia.
238 2645 346 2703 Primo,
361 2644 396 2695 ob
408 2647 539 2699 timorem
553 2647 664 2705 mortis,
675 2660 759 2710 quam
770 2650 871 2713 putant
880 2649 956 2700 inira
967 2649 1053 2700 breve
1065 2649 1225 2704 affuturam,
1239 2647 1268 2698 et

10 2724 23 2759 ³
72 2721 155 2777 racione
170 2726 245 2779 illius
264 2729 466 2792 denegacionis
483 2731 599 2794 sperant
616 2730 737 2782 evadere
749 2732 870 2782 mortem
883 2734 931 2782 aut
943 2732 1068 2783 differre.
1083 2729 1223 2787 Secundo,
1237 2729 1266 2778 in

10 2804 22 2841 ἒ
72 2801 167 2860 tionem
175 2813 378 2872 accusatorum,
390 2813 456 2875 quia
465 2814 566 2877 putant
575 2826 609 2864 ex
620 2812 671 2864 tali
680 2814 872 2880 denegacione
882 2813 1080 2864 accusaciones
1089 2810 1169 2875 prius
1177 2811 1267 2861 iacias

10 2891 20 2924 ἱ
76 2882 154 2942 tediis
163 2892 266 2945 nullius
278 2907 341 2945 esse
353 2895 489 2946 momenti
499 2898 529 2946 et
537 2894 652 2953 valoris,
663 2909 832 2959 quamquam
844 2897 919 2947 enim
929 2894 1050 2951 valeant,
1062 2893 1127 2944 acsi
1138 2904 1269 2958 perseve-

10 2978 21 3004 ἱ
75 2976 152 3031 meat,
163 2988 196 3026 ex
206 2977 286 3042 prius
303 2976 396 3034 dictis,
409 2976 493 3028 sicuti
506 2991 598 3041 neque
611 2977 776 3042 recipiendo
788 2981 855 3029 sunt
865 2978 1067 3029 excusaciones
1080 2975 1114 3026 de
1126 2973 1191 3027 aliis
1204 2974 1270 3040 post

10 3053 19 3087 ¹
74 3051 1143 3124 iss'mmconiessionemextratorturam,etc.‚propterinclinacionem,quam
1153 3056 1269 3112 habent.

11 3136 15 3165 ²
74 3131 102 3181 td
115 3141 298 3201 excusandum,
318 3142 346 3192 et
362 3143 579 3207 corrupcionem
596 3157 649 3209 per
670 3141 813 3207 simplices
835 3143 986 3208 complices
1006 3144 1036 3193 et
1056 3140 1272 3207 suggestionem

11 3214 14 3219 '
74 3211 174 3272 tenonis
184 3225 233 3274 aut
241 3222 397 3283 bominum,
409 3226 462 3276 etc.
477 3224 580 3276 Tercio
591 3224 799 3290 principaliter,
810 3240 846 3277 ne
858 3227 894 3277 ad
906 3225 982 3277 ultra
992 3223 1195 3291 precedentem
1207 3234 1271 3272 con·

72 3293 195 3356 rodonem
207 3305 242 3357 de
256 3306 440 3372 tangentibus
452 3321 483 3360 se
502 3311 552 3360 aut
564 3307 636 3360 alios
648 3309 678 3359 in
690 3308 927 3375 aggravaciouem
939 3308 983 3359 sui
995 3320 1076 3358 casus
1088 3305 1138 3356 aut
1150 3303 1271 3354 aliorum

72 3385 261 3445 medonem,
274 3402 345 3451 quos
363 3389 451 3442 invite
469 3393 611 3450 accusant,
626 3391 662 3441 ab
674 3389 715 3442 eis
727 3391 869 3456 exigatur,
883 3390 1041 3455 cogitantes
1054 3385 1129 3452 apud
1141 3399 1181 3443 se,
1196 3385 1272 3448 quod

72 3459 161 3516 huden
171 3469 203 3521 de
216 3469 384 3522 reductione
396 3485 448 3523 sua
459 3471 494 3522 ad
506 3472 632 3536 priorem
644 3472 854 3522 contessionem
866 3472 971 3534 absque
987 3466 1172 3520 ulterioribus
1185 3467 1272 3517 iuter-

69 3547 197 3607 sonorus
213 3551 342 3603 contenti
359 3555 444 3604 erunt
455 3552 573 3605 iudices.
586 3552 747 3616 Aliquando
759 3566 827 3604 vero
840 3566 932 3611 exeo,
946 3551 1020 3616 quod
1032 3551 1145 3615 signum
1156 3549 1243 3615 pacti,
1258 3561 1275 3599 a

71 3623 168 3682 demone
177 3632 281 3691 datum,
292 3634 327 3684 ab
340 3634 382 3685 eis
394 3635 518 3686 nondum
528 3638 572 3686 est
580 3634 714 3686 ablatum.
728 3635 825 3698 Neque
838 3636 862 3685 si
875 3637 1001 3698 tempore
1011 3631 1061 3683 illo
1070 3634 1271 3684 iactarevoca·

69 3705 139 3761 cione
145 3716 236 3776 petant
249 3716 452 3775 confessorem,
466 3718 514 3781 qui
526 3717 634 3768 dandus
645 3731 701 3768 nou
714 3718 834 3774 videtur.
846 3717 978 3780 quoniam
991 3716 1057 3767 tunc
1070 3713 1276 3765 confiterentur

67 3789 163 3853 penitus
177 3796 309 3848 innoxios
327 3798 357 3849 et
374 3798 514 3851 derisoria
525 3801 600 3850 osset
611 3799 764 3863 confessio,
777 3799 861 3850 sicuti
875 3797 977 3850 multas
989 3797 1069 3848 fictas
1081 3798 1111 3848 et
1122 3796 1276 3849 derisorius

66 3873 240 3932 oouesiones
251 3880 371 3933 iaciunt.
386 3882 485 3945 Neque
498 3884 564 3933 tuuc
577 3883 674 3934 eadem
687 3882 802 3933 racione
816 3894 914 3933 eorum
926 3879 1093 3932 iuramentis
1106 3879 1275 3931 estcreden·

64 3954 131 4016 (lum.
142 3973 200 4012 cum
211 3962 308 4014 iurant
319 3977 350 4015 se
363 3978 419 4015 nou
431 3978 493 4016 esse
506 3964 661 4028 culpabiles
673 3964 718 4016 vel
730 3963 803 4014 tales
816 3966 866 4015 aut
883 3963 953 4015 tales
965 3961 1038 4013 ialso
1051 3974 1207 4020 accusasse,
1221 3963 1275 4013 etc.

62 4036 98 4090 132
112 4040 226 4106 adverte,
240 4044 341 4104 lector,
360 4047 435 4109 quod
452 4047 607 4098 reducendi
624 4048 690 4097 sunt
703 4046 738 4096 ad
750 4045 876 4111 priorem
890 4044 1107 4105 contessionem,
1121 4044 1213 4109 primo
1225 4056 1277 4108 per

59 4119 147 4176 dulces
168 4127 379 4180 admoniciones
407 4130 435 4179 et
463 4127 591 4179 salubres
614 4128 847 4191 exhortaciones3
871 4128 994 4179 secundo
1020 4126 1175 4192 querendo,
1200 4126 1275 4177 unde

57 4205 200 4273 habebant,
210 4211 287 4274 quod
299 4212 504 4263 confiterentur
516 4209 572 4262 tale
588 4213 617 4261 et
629 4209 695 4270 tale,
706 4210 815 4275 aliquid
827 4225 877 4263 seu
889 4210 984 4274 aliqua
996 4208 1131 4275 specialia
1142 4211 1178 4261 de
1187 4207 1277 4274 priori

56 4291 237 4352 contessione
247 4296 297 4345 aut
304 4294 511 4358 proscindendo
521 4296 550 4345 et
558 4293 751 4358 preveniendo
762 4308 813 4359 per
823 4293 1080 4358 interrogacionem
1090 4293 1125 4343 de
1135 4290 1275 4354 aliquibus

55 4371 127 4425 mua
142 4388 220 4426 suam
236 4376 363 4441 priorem
380 4376 597 4431 contessionem,
610 4389 695 4438 quam
713 4391 809 4428 veram
828 4377 912 4436 dicat,
925 4377 974 4439 qui
987 4375 1122 4440 loquitur,
1136 4373 1275 4424 laudando

51 4469 198 4524 personam
216 4457 250 4510 de
267 4457 387 4510 veritate
404 4458 484 4523 prins
496 4458 580 4516 dicta,
594 4471 766 4522 quamquam
778 4473 834 4509 non
847 4459 942 4509 omnia
955 4457 1070 4516 dixerit,
1084 4460 1149 4517 etc,
1162 4456 1211 4507 aut
1222 4469 1274 4519 per

51 4539 301 4593 comminacionem
318 4540 348 4591 et
364 4539 572 4592 exhibiciouem
585 4541 802 4604 tormentorum,
816 4540 840 4591 si
854 4555 924 4605 opus
936 4541 982 4591 sit.
994 4539 1082 4592 Facta
1094 4552 1163 4591 vero
1175 4536 1274 4589 reduc-

1130 4706 1146 4749 u
