3210 5386
556 596 559 602 ·
585 567 690 627 ANNO
709 572 773 627 1487
1241 572 1288 624 145

72 737 157 811 1486
171 750 205 811 te
219 747 352 813 Brussel
377 767 530 829 gegemn
560 749 692 827 waarbij
712 749 751 811 de
766 747 890 827 koning
906 749 946 811 de
963 748 1169 826 inquisiteurs
1185 745 1285 810 onder

10 834 14 849 ‘
77 838 146 918 line
162 848 385 928 bescherming
407 851 514 911 neemt
530 866 570 911 en
587 848 733 911 iedereen
750 848 872 909 beveelt
888 848 951 910 hen
973 849 1005 909 in
1025 847 1064 909 dc
1088 845 1286 924 uitoefening

10 1017 12 1022 ,
81 950 131 1005 lan
144 945 209 1010 hun
232 948 322 1010 ambt
340 951 373 1010 ts
390 946 636 1012 ondersteunen.
661 947 777 1029 (Korba
797 946 930 1022 inhoud,
956 946 1050 1025 begin
1072 962 1110 1007 en
1133 946 1197 1007 slot
1221 960 1284 1005 van

10 1072 18 1097 .
87 1035 120 1101 lit
137 1045 207 1110 stult
222 1046 356 1111 worden
375 1045 588 1127 opgegevcn.)
605 1048 656 1108 Na
672 1047 710 1119 dc
735 1047 852 1108 lanista
865 1046 1039 1109 notarieclo
1055 1045 1227 1117 termulen,
1244 1042 1284 1105 de

10 1146 28 1179 Ι

10 1222 36 1255 Ε

89 1142 209 1225 angen
237 1145 470 1221 vermeldende,
499 1146 590 1224 volgi
614 1145 652 1208 de
682 1145 952 1224 onderteekening
977 1161 1039 1207 van
1068 1144 1129 1208 den
1157 1142 1281 1207 notaris

90 1237 184 1307 tmold
195 1244 312 1310 Kolieh
329 1261 394 1308 van
406 1243 617 1308 Eriskirchen.

82 1434 189 1508 &omer
197 1446 392 1514 insequentem
400 1451 549 1499 nmmum
557 1445 721 1513 approbatio
730 1449 757 1496 et
764 1444 926 1512 subsmptio
936 1443 1079 1496 denorum
1087 1441 1161 1495 dou
1171 1444 1282 1496 univer·

267 1530 362 1582 uteru
371 1527 541 1581 Colonimsis
551 1529 630 1580 tuoto
640 1528 763 1596 smmum
771 1525 879 1596 publici
890 1527 1076 1578 instrumenti.

93 1649 123 1704 ln
139 1658 251 1711 nomine
263 1658 379 1710 Domini
388 1658 479 1710 nostri
489 1657 506 1710 J
509 1672 559 1711 esu
572 1657 688 1717 Christi,
702 1670 793 1708 amen.

10 1777 17 1784 .
91 1733 229 1792 Noverint
238 1740 364 1793 universi
372 1754 491 1805 presens
499 1738 644 1804 publicum
653 1740 873 1791 instrumentum
883 1737 994 1798 lecturi,
1005 1738 1093 1789 vhuri
1104 1739 1135 1790 et
1145 1739 1280 1802 audituri,

10 1865 13 1881 ,
67 1818 143 1879 ΨΜ,
158 1836 256 1875 annoa
267 1822 415 1875 nativitate
424 1823 551 1875 eiusdem
561 1821 677 1873 Domini
687 1822 777 1873 nostri
788 1820 862 1886 1487,
874 1820 1029 1873 indictione
1042 1821 1150 1885 quinta,
1157 1821 1203 1873 die
1211 1835 1279 1873 vero

10 1894 12 1898 ’
65 1893 182 1966 Sabbati,
194 1906 304 1958 decime
316 1919 392 1959 nona
402 1905 508 1957 mensis
520 1905 597 1969 Maii.
610 1903 682 1955 horn
693 1904 793 1968 quinta
803 1906 869 1968 post
880 1903 1028 1955 meridiem
1044 1903 1089 1955 vel
1106 1904 1198 1968 quasi,
1210 1918 1280 1970 pon-

63 1977 180 2039 tificatus
198 1988 371 2040 sanctissimi
391 1988 421 2039 in
442 1987 555 2039 (lhristo
575 1987 666 2051 patris
689 1988 718 2039 et
737 1987 845 2038 domini
868 1987 959 2038 nostri
982 1987 1089 2040 domini
1108 1987 1279 2048 Innocentii,

62 2059 154 2120 diune
162 2071 341 2136 providentia
352 2084 425 2135 pape
437 2070 528 2121 octavi
546 2083 621 2120 anno
639 2069 738 2128 tercio,
752 2070 782 2119 in
798 2069 855 2121 mei
873 2070 977 2121 notarii
993 2068 1099 2135 publici
1117 2072 1147 2122 et
1164 2070 1279 2121 testium

60 2141 301 2218 inbueriptorum
313 2154 348 2204 ad
361 2151 415 2204 hoc
424 2151 587 2216 specialiter
598 2153 763 2203 vocatorum
774 2154 804 2205 et
815 2156 981 2218 rogatorum
990 2152 1135 2217 presentia
1142 2166 1278 2217 persona·

60 2222 118 2278 litt?
137 2236 319 2294 constitutus,
338 2234 509 2288 venerabilis
529 2236 559 2287 et
578 2233 731 2300 religiosus
749 2235 842 2286 frater
861 2234 1002 2287 Henricus
1022 2234 1176 2293 institoris.
1198 2249 1278 2287 sacro

60 2305 200 2385 theologie
225 2318 381 2384 professor,
400 2318 509 2369 ordinis
526 2317 752 2376 Predicatorum,
771 2316 897 2370 heretice
925 2317 1073 2382 pravitatis
1090 2318 1243 2382 inquisitor
1262 2334 1280 2370 a

59 2398 153 2453 meta
163 2401 230 2454 sede
242 2399 400 2467 apostolica
411 2415 467 2453 una
476 2415 539 2453 eum
549 2399 706 2452 venerabili
715 2403 745 2453 et
753 2400 891 2466 religioso
900 2401 990 2452 fratre
1001 2400 1018 2453 J
1020 2401 1108 2452 acobo
1121 2400 1276 2467 Sprsnger,

59 2473 142 2533 etism
157 2497 238 2537 sacre
255 2483 402 2550 theologie
419 2485 582 2549 professore
602 2497 635 2534 ac
655 2485 811 2535 conventus
831 2483 1047 2535 Predicatorum
1067 2483 1278 2537 Coloniensium

58 2554 161 2629 priore,
173 2566 285 2633 collega
293 2581 345 2619 suo
357 2565 520 2633 specialiter
532 2566 692 2630 deputatus,
705 2580 758 2631 pro
770 2580 801 2618 se
813 2567 843 2618 et
854 2566 929 2616 dicto
944 2566 1056 2632 collega
1067 2581 1118 2619 suo
1130 2567 1279 2631 proposuit

59 2638 139 2701 stoue
157 2649 238 2712 dixit,
251 2650 327 2714 quod
344 2650 497 2701 modernus
514 2662 641 2700 summus
657 2649 796 2713 pontifex,
810 2647 920 2701 scilieet
937 2650 1067 2701 dominus
1084 2649 1276 2708 Innocentius,

58 2733 125 2786 papa
150 2733 288 2798 prefatus,
314 2745 367 2797 per
389 2746 474 2783 unam
499 2732 644 2796 patentem
667 2731 774 2783 bullam
799 2732 942 2783 commisit
966 2732 1035 2796 ipsis
1059 2731 1275 2794 inquisitoribus

58 2800 177 2865 llsnmco
198 2816 228 2866 et
245 2814 365 2874 dscobo,
384 2815 492 2866 ordinis
512 2815 729 2866 Predicatorum
749 2816 778 2866 et
801 2827 881 2865 sacre
901 2813 1047 2879 theologie
1067 2813 1276 2879 professoribus

58 2888 196 2956 liidictis.
220 2895 386 2949 facultatem
414 2896 578 2960 inquirendi
604 2895 762 2960 apostolica
792 2896 962 2948 auctoritate
985 2909 1071 2961 super
1095 2909 1277 2959 quascunque

58 2963 178 3039 hirenes,
198 2980 335 3045 precipue
354 2981 450 3032 nutem
470 2992 556 3043 super
578 2979 703 3030 heresim
722 2978 916 3031 maleficarum
936 2979 1080 3031 modernis
1100 2978 1275 3044 temporibus

57 3047 205 3122 ibiscum,
218 3066 248 3114 et
259 3062 313 3112 hoc
324 3075 376 3126 per
387 3062 512 3125 quinque
525 3060 660 3113 ecclesias
672 3061 914 3125 metropolitanas,
926 3061 1059 3113 videlicet
1068 3060 1274 3127 Mogontinam.

57 3127 256 3202 c⁰¹01siensem.
276 3144 492 3202 Trevercnsem,
511 3143 758 3209 Saltaburgcnscm
771 3147 801 3196 et
818 3143 1011 3202 Bremensem,
1024 3157 1088 3195 cum
1101 3143 1178 3194 omni
1189 3142 1275 3196 facul-

56 3211 104 3265 iiifl
124 3228 225 3278 contra
242 3225 314 3279 tales
330 3227 504 3292 procedendi
522 3240 612 3292 usque
629 3228 665 3276 ad
683 3225 813 3278 ultimum
831 3227 1042 3286 exterminium,
1055 3227 1136 3278 iuxta
1147 3228 1276 3280 tenorem

57 3291 129 3356 belle
141 3309 305 3374 apostolice,
319 3323 404 3373 quam
416 3310 476 3361 suis
494 3309 616 3361 habehat
632 3310 662 3360 in
680 3310 820 3369 manibus,
833 3323 940 3369 sanam,
953 3310 1106 3375 integram,
1119 3308 1231 3362 illesam
1248 3313 1278 3364 et

57 3387 104 3431 ¹¹⁰ss
124 3391 264 3451 viciatam,
283 3393 334 3443 sed
351 3393 429 3444 omni
445 3406 563 3457 prorsus
588 3392 751 3457 suspicione
770 3393 925 3445 carentem.
949 3392 1035 3444 Cuius
1060 3392 1174 3457 quidem
1192 3394 1276 3446 tenor

56 3454 130 3520 belle
141 3473 180 3526 sie
190 3475 308 3539 incipit:
323 3474 525 3527 “Innocentius
538 3475 803 3540 episcopusservus
815 3489 962 3528 servorum
972 3475 1084 3528 Deihd
1094 3477 1219 3528 futuram
1230 3479 1274 3530 rei

55 3551 226 3609 memoriam.
250 3557 373 3609 Summis
396 3558 591 3610 desiderantes
614 3558 771 3618 affectibus,
795 3560 881 3622 prout
899 3557 1051 3622 pastoralis
1073 3558 1274 3612 sollicitudinis

54 3632 119 3682 ⁰⁰¹2
132 3641 260 3704 requirit,
274 3642 306 3691 ut
317 3640 388 3692 tides
399 3639 541 3692 catholica
552 3641 658 3691 nostris
669 3640 817 3704 potissime
829 3641 1004 3704 temporibus
1017 3642 1122 3705 ubique
1135 3645 1274 3708 augeatur

51 3706 72 3789 Pl
81 3709 198 3776 floreat.
210 3745 223 3767 u
236 3724 302 3787 etc-3
315 3723 485 3775 fluitantem
498 3724 540 3774 sic
553 3737 560 3773 :
574 3742 587 3764 a
601 3723 704 3773 Datum
715 3722 807 3774 Rome
819 3724 894 3787 apud
911 3723 1046 3775 Sanctum
1058 3724 1186 3786 Petrum,
1199 3740 1273 3779 anno

48 3794 251 3857 ”barsuman
261 3806 402 3857 dominice
411 3806 563 3858 millesimo
573 3806 855 3871 quadringentesimo
865 3808 1059 3874 octuagesimo
1069 3811 1180 3872 quarto,
1191 3811 1273 3862 nonis

48 3860 222 3948 Decembris,
235 3889 418 3952 pontificatus
431 3890 521 3941 nostri
536 3904 609 3940 anno
621 3890 723 3954 primo.
739 3913 752 3936 s

68 3947 117 4012 Et
135 3970 199 4032 quia
216 3971 348 4023 nonnulli
365 3973 522 4024 animarum
540 3974 668 4025 rectores
685 3973 715 4025 et
731 3973 811 4025 verbi
829 3973 881 4025 Dei
899 3975 1093 4040 predicatores
1110 3974 1224 4041 publice
1242 3977 1272 4029 in

45 4037 150 4102 e⁰¹'111n
158 4053 336 4105 sermonibus
348 4056 383 4106 ad
393 4055 527 4121 populum
537 4070 666 4108 asserere
676 4058 706 4108 et
717 4057 859 4108 affirmare
872 4071 927 4109 non
937 4057 1119 4118 verebantur,
1128 4058 1273 4113 mucheas

45 4120 100 4171 '¹⁰¹¹
120 4146 191 4194 esse,
204 4139 254 4187 aut
271 4136 347 4200 quod
358 4136 446 4188 nichil
458 4138 488 4188 in
501 4140 702 4189 nocumentum
714 4139 911 4190 creaturarum
923 4153 1090 4205 quacunque
1103 4143 1273 4207 operacione

43 4193 163 4268 effiestre
175 4221 301 4283 possent,
314 4232 350 4271 ex
365 4220 465 4283 quibus
477 4220 599 4271 incautis
611 4220 790 4272 sermonibus
803 4234 1004 4285 nonnunquam
1016 4224 1138 4276 seculari
1156 4225 1272 4278 brachio

42 4276 67 4325 ad
79 4296 266 4352 Duniendum
280 4301 442 4365 hujusmodi
454 4302 597 4354 maleficas
609 4303 809 4369 amputabatur
819 4302 949 4363 facultas,
960 4307 990 4356 ct
1006 4305 1060 4357 hoo
1076 4307 1105 4358 in
1118 4309 1272 4361 maximum

42 4365 231 4434 ilementum
243 4383 436 4436 maleficarum
448 4387 477 4436 et
488 4386 726 4438 corifortationem
737 4385 816 4437 illius
827 4386 948 4445 heresis,
961 4387 1026 4441 ideo
1038 4391 1142 4454 prefati
1154 4392 1272 4456 inquisi-

43 4435 141 4520 t⁰¹⁴<³s,
160 4466 225 4515 totis
244 4481 343 4518 eorum
364 4468 471 4518 viribus
492 4469 601 4519 cunctis
622 4468 757 4533 perieulis
777 4471 807 4520 et
830 4469 982 4522 insultibus
1000 4472 1114 4524 obviare
1133 4473 1271 4539 volentes,

45 4518 200 4598 tra·<2tntu1n
212 4549 352 4612 quendam
365 4564 420 4601 non
431 4553 488 4601 tam
500 4551 626 4602 studiose
638 4553 774 4614 quantum
786 4553 817 4604 et
824 4551 967 4606 laboriose
976 4554 1164 4621 collegerunt,
1174 4557 1203 4608 in
1215 4572 1271 4622 quo

47 4612 110 4668 ”⁰¹¹
131 4627 182 4680 hm
199 4629 361 4684 huiusmodi
377 4633 587 4698 predicatorum
604 4633 795 4700 ignorantiam
812 4649 864 4700 pro
882 4635 1022 4688 catholice
1040 4638 1106 4689 fidei
1124 4652 1272 4707 conserva·
