3210 5386
543 476 647 528 ANNO
668 476 740 533 1384,
762 475 824 526 1388
1263 479 1296 529 11

52 637 176 704 publice
198 651 252 703 per
273 637 383 703 plateas
406 639 546 691 auderent
567 639 712 690 incedere.
731 637 788 689 Sed
805 638 953 699 Dominus,
975 652 1031 689 non
1056 638 1161 689 oblitus
1187 638 1295 691 familie

55 734 112 771 sue
136 720 332 780 defensorum,
356 719 400 770 illi
423 713 548 785 providit
571 720 721 783 quendam.
743 719 877 771 videlicet
897 719 1044 770 scabinum
1064 721 1161 784 oppidi
1183 722 1295 772 Dauen-

54 802 191 863 triensis,
204 802 326 866 probum
338 803 368 854 et
380 804 441 854 Deo
460 803 596 854 deuotum
608 815 641 852 66
653 803 744 853 eciam
761 801 905 852 communi
914 799 992 864 plebi
1005 802 1197 854 venerabilem
1210 803 1295 865 atque

54 884 266 943 reuerendum,
297 883 460 936 iohannem
490 885 535 934 ter
559 884 666 934 Porten
679 884 717 947 (l)
739 883 899 948 vulgariter
922 881 1107 948 appellatum,
1130 885 1179 948 qui
1204 884 1294 935 eciam

55 979 114 1017 sua
137 964 283 1029 probitate
306 966 336 1016 et
359 964 502 1015 industria
524 965 678 1029 plerosque
698 964 770 1015 alios
792 965 870 1015 viros
893 977 925 1015 ao
949 963 1085 1016 mulieres
1108 966 1144 1015 ad
1165 967 1296 1017 iauorem

55 1049 90 1100 et
102 1047 291 1098 dilectionem
305 1047 475 1098 deuotornm
492 1046 629 1098 laoillime
639 1046 802 1103 inducebat.
816 1046 918 1109 quibus
931 1046 1021 1097 eciam
1033 1046 1187 1111 populares
1200 1047 1294 1106 turbe,

53 1130 197 1194 permota
218 1128 338 1190 inuidia,
360 1128 548 1193 opprobriosa
569 1126 709 1179 voeabula
730 1127 922 1192 imponebant.
947 1127 1142 1180 lle-iohanne
1164 1141 1232 1180 vero
1252 1129 1298 1179 ter

54 1210 174 1261 Porten
186 1210 317 1274 predicto
331 1210 464 1261 dicebant
474 1210 640 1270 irridentes,
650 1210 726 1272 quod
738 1222 812 1273 papa
822 1210 852 1260 et
863 1210 993 1273 pontiiex
1005 1212 1082 1261 esset
1090 1208 1297 1266 Lollardorum.

52 1292 155 1355 euius,
169 1291 226 1342 nisi
243 1291 401 1343 munimine
419 1292 653 1355 defenderentur,
667 1292 755 1357 digna
765 1291 877 1341 meritis
890 1290 950 1341 suis
968 1292 1101 1342 incendia
1112 1306 1170 1342 non
1182 1293 1300 1356 possent

51 1373 200 1426 euadere.
231 1372 349 1424 Talibus
376 1373 518 1436 siquidem
547 1372 695 1438 dyabolus.
726 1373 854 1423 omnium
884 1372 1024 1424 bonorum
1053 1386 1168 1437 exesor,
1197 1375 1298 1424 exorta

49 1456 205 1506 virtutum
226 1455 357 1519 germina
378 1455 542 1519 opprimere
565 1454 721 1515 nitebatur,
748 1454 799 1505 661
820 1453 1008 1519 Omnipotens
1030 1468 1098 1505 suos
1121 1469 1177 1505 non
1197 1469 1298 1519 passus

49 1543 103 1592 est
124 1539 330 1596 exterminari,
351 1539 411 1600 sed,
433 1541 539 1601 quanto
562 1536 627 1602 plus
650 1536 896 1602 opprimebantur,
917 1538 997 1588 16616
1019 1537 1140 1603 amplius
1164 1536 1299 1602 multipli-

48 1621 219 1674 cabantur.
1211 1617 1214 1627 '

340 1702 398 1753 Vita
416 1701 584 1754 venerabilis
601 1701 721 1753 loannis
739 1700 953 1757 assesserunt,
973 1701 1029 1752 HS.
1049 1703 1101 1752 der
1113 1701 1301 1765 Koninklijlre

367 1783 551 1834 Bibliotheek
569 1785 596 1833 to
617 1782 731 1833 Brussel
745 1793 775 1833 nr
786 1781 940 1840 8849-8859,
953 1783 1004 1833 iol.
1018 1782 1140 1834 associo
1153 1797 1188 1834 en
1201 1796 1300 1846 vers03

366 1865 521 1929 algedrulrt
548 1864 586 1928 bu·
617 1865 652 1915 D.
679 1869 709 1914 Α.
735 1864 921 1919 Brinkerink.
947 1864 986 1914 De
1010 1885 1021 1906 u
1048 1863 1111 1916 Vite
1133 1863 1302 1917 venerabilia

368 1946 487 1996 loannis
503 1944 707 1996 Brinelaerinck
720 1969 744 2001 n.
763 1946 793 1996 in
812 1945 861 1996 het
878 1943 993 1997 Nederl.
1007 1943 1127 2012 streties
1131 1960 1199 1997 eoor
1211 1944 1301 1997 Kert-

365 2024 569 2092 6661161161ιί6,
593 2026 655 2078 1661
679 2026 693 2078 I
716 2025 813 2093 (1901),
835 2026 889 2078 bla.
912 2025 1032 2077 assessi.
1045 2026 1200 2078 -Verder
1222 2027 1302 2078 vindt

368 2123 433 2160 men
463 2122 520 2174 neg
548 2121 620 2160 eene
648 2107 889 2172 schilderaohtige
917 2108 1131 2172 bijzonderbeid
1160 2121 1228 2160 over
1256 2110 1302 2160 die

366 2190 622 2255 verdaehtmalsing
638 2203 692 2241 van
710 2190 835 2253 ketterlj.
848 2191 1018 2242 waaronder
1035 2191 1070 2241 de
1088 2191 1231 2241 Broedera
1248 2203 1301 2240 van

370 2271 420 2323 het
436 2273 578 2323 Gemeene
596 2272 691 2323 Leven
710 2272 797 2322 16116
816 2271 836 2321 ’1
853 2272 939 2336 begin
958 2273 1010 2323 der
1028 2271 1183 2323 15116666
1204 2272 1242 2336 bij
1267 2271 1302 2322 de

369 2355 537 2404 onvvetonde
560 2356 710 2418 gemeente
734 2356 762 2404 te
786 2352 873 2416 lijden
898 2353 1028 2404 hadden:
1051 2374 1064 2395 a
1078 2354 1148 2404 Cum
1168 2352 1204 2420 [c.
1228 2351 1302 2419 1419]

370 2437 465 2485 661616
488 2436 630 2485 senuisset
659 2436 758 2497 {irater
785 2435 933 2485 16166666
962 2433 1182 2501 Brinclserinck]
1211 2438 1240 2487 et
1265 2449 1301 2486 ex

369 2515 500 2581 pluribus
521 2515 666 2567 laboribus
688 2517 851 2567 debilitatus
868 2517 955 2573 esset.
973 2516 1120 2579 equitabat
1138 2517 1304 2580 aliquando,

371 2598 421 2647 sed
438 2597 631 2660 11666666166,
650 2598 717 2660 quia
733 2596 909 2662 religiosius,
928 2610 1047 2648 carruca
1064 2598 1099 2647 ad
1120 2598 1300 2660 Diepenveen

372 2679 537 2738 vehebatur.
556 2679 778 2730 acclamantibus
799 2679 941 2742 aliquibus
962 2679 1135 2730 mechanicis
1152 2679 1181 2728 in
1200 2678 1303 2743 plateis

369 2762 405 2811 ad
416 2762 546 2826 aurigam
558 2762 587 2811 in
600 2762 773 2813 derisionem
786 2761 882 2811 deuoti
894 2761 984 2825 patris
997 2774 1004 2810 :
1025 2781 1037 2801 ·
1051 2759 1112 2818 Quo
1130 2761 1185 2811 iarn
1198 2761 1303 2812 vehitis

374 2842 538 2893 Lollardum
561 2843 665 2893 istuml
689 2842 799 2894 Vertite
822 2842 919 2907 bigam
942 2843 972 2893 et
992 2841 1145 2906 dyabolum
1166 2844 1253 2893 istum
1273 2844 1303 2894 in

374 2922 490 2974 Ysulam
503 2924 614 2975 vehite!
630 2946 642 2967 κ
656 2924 716 2983 Que
729 2924 950 2988 opprobriatam
959 2924 1108 2975 mansuete
1119 2926 1149 2975 et
1157 2924 1304 2988 pacienter

371 3005 498 3069 pertulit.
513 3006 594 3068 quasi
607 3005 711 3056 166116
724 3008 821 3057 61666
835 3005 870 3057 16
883 3005 1144 3056 661161616166661.
1161 3029 1172 3047 ·
1186 3005 1258 3068 (Fol.
1272 3004 1305 3055 to

373 3089 452 3137 16616
482 3099 536 3137 vau
565 3085 614 3137 het
644 3085 814 3137 Brusselsoh
843 3085 1041 3148 handeehriit3
1071 3084 1143 3139 Ned.
1177 3085 1305 3151 Archies,

372 3168 426 3219 blz.
439 3167 510 3229 350.)

595 3353 650 3418 38
677 3353 752 3436 (235
765 3357 788 3435 ).

126 3557 237 3626 1388,
255 3549 295 3613 in
309 3550 379 3616 6116
392 3549 536 3615 landen.
553 3550 728 3614 Uittreksel
743 3553 790 3615 uit
802 3552 841 3614 de
857 3552 1068 3633 gelijktijdige
1085 3555 1307 3618 Doorniksohe

71 3647 280 3730 chronique
314 3646 375 3713 des
409 3648 604 3730 Papa-Bas,
641 3647 684 3713 de
720 3648 874 3724 Franco,
912 3648 1160 3735 d'Anyleterre
1198 3654 1232 3715 61
1264 3650 1308 3716 de

73 3745 244 3811 Tournai
259 3747 452 3809 betreliende
469 3749 508 3808 16
525 3747 790 3826 onderdrukking
815 3765 878 3810 van
903 3749 943 3810 de
966 3750 1149 3812 kettersehe
1168 3749 1308 3827 preeken

71 3847 132 3907 der
157 3845 391 3907 Dominikaner
411 3841 608 3919 1661161166,
642 3844 692 3907 116
721 3847 761 3908 16
790 3845 980 3908 6616116116
1012 3849 1224 3925 onivangenis
1253 3847 1310 3909 der

74 3947 120 4005 Η.
135 3943 254 4021 Maagd
271 3941 484 4005 looohenden.

111 4078 196 4129 cedit
207 4092 243 4129 an
262 4077 322 4140 [mil
334 4086 382 4128 16α
394 4087 471 4129 111J¹¹
482 4079 595 4142 6111161
607 4079 649 4129 les
660 4079 679 4130 1
681 4081 818 4144 aeoppins
829 4080 865 4131 de
879 4081 943 4131 tous
954 4095 1026 4145 pays
1038 4083 1136 4133 iurent
1153 4081 1312 4144 666661166,

72 4173 153 4226 pour
175 4173 208 4211 66
229 4172 284 4223 que
300 4157 337 4209 ilz
353 4159 548 4224 preisehoient
565 4162 594 4212 et
611 4162 809 4214 soustenoient
825 4175 880 4225 que
898 4160 927 4212 la
942 4163 1025 4228 virge
1047 4163 1137 4217 116116
1155 4168 1232 4218 avoit
1248 4169 1310 4219 este

109 4407 150 4470 (l)
169 4404 244 4458 Oves
263 4404 320 4457 dan
340 4407 386 4456 ter
406 4406 541 4464 Poorten,
560 4406 603 4458 zie
620 4406 757 4467 Dumbar‚
777 4405 1312 4478 16616616,16611(Ι)66661611719),

75 4487 133 4540 blz.
155 4487 197 4537 11.
