3164 5386
643 495 748 546 nuno
768 495 840 560 1377,
858 498 888 548 c.
909 494 971 545 138⁴

693 714 748 779 36
776 711 910 792 (ssim).

245 916 350 989 1377,
371 913 496 978 Moeri
518 919 570 989 18,
592 912 751 996 [eperen.
774 912 949 975 Uittrekscl
967 914 1015 974 uit
1032 867 1411 992 ecn'stadsrcgisurovc

189 1012 460 1186 ἰοθῒῖἓξὲηυᾱίης
484 1012 597 1074 aldcar
625 1028 689 1074 ven
719 1011 779 1073 den
809 1011 921 1073 voldcr
946 1011 1005 1073 Pol
1023 1011 1062 1073 de
1087 1011 1268 1090 Haestighc
1294 1027 1409 1090 wegens

287 1278 428 1329 Mercredi
445 1277 547 1329 decom
565 1275 591 1327 te
599 1278 672 1342 jour
689 1275 724 1327 de
741 1275 866 1336 Patmos,
885 1278 932 1325 18⁶
951 1275 1051 1328 nanee
1068 1276 1143 1334 1376,
1160 1274 1212 1343 fol.
1232 1278 1268 1327 48
1279 1278 1328 1340 (l).

220 1407 275 1474 (ορ
299 1407 353 1459 dm
374 1406 451 1458 rand
472 1408 493 1471 t)
519 1406 693 1458 Conocincus
714 1405 749 1456 de
771 1405 888 1458 tereste.
911 1433 945 1444 -
969 1405 1021 1456 Pol
1045 1406 1080 1456 de
1107 1405 1289 1471 Haestegbe,
1312 1404 1407 1468 toulon,

186 1490 342 1570 eonvaincu
366 1489 401 1540 dc
430 1488 543 1541 heresis
571 1501 624 1553 par
647 1488 750 1539 devant
773 1487 814 1538 lcs
837 1489 1025 1551 inquisiteurs
1048 1488 1168 1537 commis
1191 1488 1229 1539 de
1254 1488 1284 1539 is
1311 1488 1405 1539 saincte

187 1569 286 1637 Eglisc
297 1572 327 1622 et
337 1584 391 1635 psr
408 1569 476 1621 eulx
493 1571 585 1621 rendu
603 1568 697 1621 oultre
709 1583 745 1619 au
758 1570 894 1634 seigneur
911 1571 941 1621 et
954 1568 1047 1634 Jugcs,
1067 1569 1112 1619 lut
1128 1582 1175 1619 ars
1187 1583 1240 1620 sur
1251 1569 1279 1622 le
1292 1567 1404 1632 merebit

189 1651 317 1716 depre.

450 1748 645 1801 Stadsarchiel
656 1750 684 1798 te
696 1747 827 1812 Ieperen,
841 1748 915 1814 ch.
928 1747 989 1800 Van
999 1745 1164 1800 dioerscleen
1174 1750 1402 1815 appointementm

483 1831 554 1882 ende
564 1843 718 1882 nonomen
728 1827 950 1896 qbeecoabem,
964 1831 1031 1887 etc..
1044 1829 1097 1881 iol.
1111 1829 1141 1879 13
1154 1843 1248 1882 verso.

690 2051 745 2116 37
773 2051 906 2132 essen.

242 2265 331 2329 Vccr
348 2283 392 2330 en
410 2285 460 2329 na
484 2271 588 2328 1384.
609 2265 784 2328 Uittrekscl
804 2267 849 2327 uit
866 2266 905 2327 dc
925 2262 1005 2327 Vita
1022 2260 1242 2328 venerabilis
1258 2259 1395 2328 Joanmle

183 2362 447 2426 Beinckerinck
473 2380 551 2426 over
576 2364 614 2424 de
639 2365 867 2441 vervolgingen
893 2363 1089 2425 understaen
1107 2363 1188 2425 door
1201 2363 1241 2425 de
1258 2361 1395 2425 Broedcrs

181 2479 244 2523 van
257 2462 312 2524 het
325 2465 481 2523 Gemeene
495 2465 597 2522 Leven
612 2462 660 2521 als
674 2461 828 2523 verdacht
840 2477 902 2522 van
916 2458 1196 2537 ketterij.-Vbbr
1208 2477 1250 2522 en
1263 2477 1306 2522 na
1317 2458 1394 2520 (ieert

181 2560 329 2622 Grootc’s
342 2560 438 2632 docti,
460 2559 583 2621 scheldt
600 2560 638 2619 de
652 2560 771 2620 slechte
785 2557 1026 2636 goestelijkheid
1039 2558 1102 2619 hen
1115 2559 1163 2619 uit
1176 2574 1258 2620 voor
1270 2561 1393 2635 Beggu-

180 2658 241 2720 den
258 2675 298 2720 en
323 2658 496 2720 Lollarden
519 2674 558 2717 cn
572 2657 715 2733 bedreigt
732 2656 794 2718 hen
811 2657 878 2717 met
894 2656 1080 2733 ondergang
1097 2673 1137 2717 en
1154 2655 1332 2718 vuundood.
1350 2652 1392 2714 Ais

180 2756 248 2818 hun
265 2756 468 2818 beschermcr
484 2755 589 2816 treedt
606 2755 645 2816 de
658 2754 891 2815 Deventcrsche
905 2754 1042 2831 schepen
1055 2756 1119 2815 lan
1130 2755 1181 2814 ter
1195 2756 1335 2816 Poorten
1349 2765 1390 2827 op.

213 2909 455 2967 Quemadmodum
473 2909 611 2973 magister
629 2908 772 2958 Gererdus
784 2907 877 2958 adhuc
888 2908 988 2958 viuens
1001 2906 1105 2958 multas
1117 2907 1295 2957 sustinuerat
1305 2902 1390 2955 moles·

178 2990 275 3040 iisset
288 2988 423 3052 obloquia
440 3004 457 3039 a
474 2989 621 3040 dissolutis
638 2990 793 3045 canonicis.
806 2990 886 3053 vagis
902 2988 1060 3051 monachis,
1071 2988 1226 3045 iocaristis‚
1239 2986 1392 3038 concubina·

178 3071 228 3134 rijs
241 3070 354 3122 clericis
364 3073 393 3120 et
405 3070 450 3120 his
462 3070 613 3131 similibus,
627 3071 675 3133 qui
688 3084 752 3121 eum
765 3069 903 3120 vocabant
915 3069 1098 3134 Baggardum
1110 3070 1172 3120 siue
1184 3068 1347 3120 Lollardum
1357 3061 1395 3115 aul

178 3151 256 3202 aliud
274 3151 369 3203 simile
390 3152 608 3216 opprobriosum
630 3151 798 3201 vocabulum
819 3150 1014 3214 imponebant,
1036 3163 1070 3201 eo
1089 3151 1164 3213 quod
1181 3150 1241 3200 illis
1258 3150 1395 3201 veritatem

178 3234 296 3293 diceret,
312 3234 458 3296 nequicias
472 3247 571 3283 eorum
583 3237 716 3296 carperet
727 3245 879 3294 moresque
891 3232 1049 3296 detegeret.
1064 3232 1148 3281 itaet
1166 3231 1323 3295 discipulos
1333 3229 1398 3281 illius

178 3316 208 3366 in
220 3316 279 3366 vite
291 3315 380 3379 ipsius
394 3317 423 3365 et
435 3315 525 3364 eciam
537 3318 603 3378 post
614 3315 722 3364 obitum
731 3314 767 3376 (2)
780 3313 887 3363 eisdem
900 3312 1080 3376 contumeliis
1094 3312 1268 3363 efficiebant.

212 3397 237 3447 N
240 3410 284 3447 am
302 3398 332 3447 et
349 3397 464 3459 quidam
477 3410 512 3446 ex
525 3396 595 3460 ipsis
607 3396 789 3459 ignominosa
800 3395 922 3456 quedam
933 3395 1063 3444 carmina
1075 3396 1302 3457 composuerunt
1313 3394 1403 3444 contra

177 3477 253 3539 illos,
271 3478 374 3540 quein
393 3478 520 3529 tabernis
538 3477 605 3526 vino
624 3476 744 3527 delibuti
763 3478 879 3525 cantare
892 3477 1111 3526 consueuerant.
1126 3474 1181 3538 Alij
1194 3487 1265 3526 vero
1278 3473 1404 3526 dicebant

176 3573 207 3611 se
230 3572 331 3610 manus
357 3572 502 3623 apponere
523 3557 606 3614 velle,
627 3562 659 3607 ut
676 3558 750 3607 sicut
761 3555 894 3608 strumuli
911 3557 941 3606 in
960 3557 1069 3606 truncis
1090 3554 1202 3606 malleis
1226 3556 1405 3608 cederentur.

176 3640 231 3705 siu·
252 3653 321 3692 vero
343 3640 476 3692 dicebant
493 3653 524 3690 se
542 3639 643 3690 libenti
662 3639 756 3688 animo
774 3637 896 3701 cespites
914 3639 944 3687 et
962 3636 1143 3687 combustilia
1159 3650 1308 3700 exponere
1326 3635 1408 3697 velle,

175 3722 279 3785 quibus
302 3723 441 3786 magister
464 3721 608 3772 Gorardus
638 3733 702 3770 cum
731 3720 790 3770 suis
817 3717 959 3768 Lollardis
985 3720 1015 3769 et
1043 3717 1162 3783 Beginis
1190 3721 1409 3771 consumeretur

174 3805 321 3855 incendic.

209 3885 269 3936 Hec
293 3887 322 3935 et
345 3884 451 3935 similia
471 3883 582 3934 ramilis
602 3883 716 3933 Domini
738 3882 903 3944 quotidiaue
923 3880 1096 3944 perferebat,
1118 3881 1168 3931 sed
1190 3880 1328 3944 amplius,
1346 3897 1411 3934 cum

175 3967 232 4017 iam
251 3968 388 4031 patronus
412 3966 539 4015 omnium
562 3965 732 4015 deuotorum
756 3963 894 4027 magister
917 3961 1060 4012 Gerendus
1084 3961 1211 4021 obiisset,
1238 3962 1281 4013 ita
1306 3965 1340 4014 ut
1363 3965 1410 4014 vix

207 4259 244 4323 (l)
262 4259 311 4309 Dit
321 4259 447 4322 verwijst
459 4271 528 4308 naar
540 4258 590 4308 het
601 4256 672 4307 lolio
690 4270 744 4307 van
762 4254 812 4306 het
823 4254 957 4319 register,
970 4254 1092 4304 wssruit
1108 4253 1176 4305 dene
1193 4255 1415 4324 eenteekening

173 4341 252 4393 werd
280 4341 453 4406 getrolcken.
477 4337 542 4390 Alle
565 4338 763 4415 opzoekingen
788 4349 858 4386 naar
881 4336 929 4386 dat
952 4335 1076 4400 register
1094 4332 1196 4386 bleren
1216 4336 1261 4386 tot
1282 4351 1346 4405 nog
1367 4341 1415 4392 toe

175 4423 281 4475 zonder
293 4424 415 4488 eenigen
428 4420 545 4485 uitslag.

208 4505 245 4568 (2)
262 4503 406 4556 Geersard
418 4503 524 4554 Grootc
535 4501 619 4552 stieri
632 4500 686 4551 den
700 4497 732 4549 20
744 4499 891 4563 Augustus
905 4496 980 4548 1384.
