3210 5386
260 537 307 591 106
774 536 878 590 Anno
896 537 960 588 1460

254 702 342 761 flens,
354 700 575 767 interrogentur,
589 713 676 763 quare
687 700 866 759 revocabant,
881 702 911 751 et
927 701 990 764 quis
1002 703 1132 753 suaserit.
1146 702 1233 760 Tunc,
1247 703 1272 753 si
1292 703 1331 754 nil
1350 703 1422 768 ampli

253 783 401 836 intendant
415 795 536 847 querere
553 782 671 843 iudices,
690 783 847 834 arrestandi
865 786 931 834 sunt
947 797 1074 848 prorsus,
1093 783 1162 834 alias
1182 789 1259 837 esset
1276 799 1418 850 processus

252 866 404 924 infinitum,
417 867 482 923 etc..
494 877 644 930 processus
656 864 794 916 infinitus.

603 1044 641 1094 10.
661 1043 702 1096 De
719 1041 875 1096 carceribus
892 1053 917 1096 ct
935 1048 1124 1098 incarceratis.

284 1177 413 1230 Provisio
432 1177 538 1241 optima
554 1179 584 1227 et
600 1177 629 1227 in
647 1177 709 1228 iure
727 1178 810 1227 cauta
826 1176 994 1228 adhibeatur
1010 1178 1087 1228 circa
1104 1191 1234 1230 carceres
1245 1182 1276 1230 et
1288 1180 1362 1242 quod
1375 1179 1422 1230 fide

251 1260 309 1312 sint
320 1272 417 1311 omnes
428 1259 559 1310 custodes
571 1271 621 1311 sen
633 1260 843 1310 commanentes
852 1260 881 1310 in
893 1260 1055 1311 carceribus
1067 1262 1096 1311 et
1107 1261 1188 1324 probi
1202 1275 1234 1312 ac
1246 1261 1320 1313 bene
1332 1262 1418 1313 affecti

249 1342 407 1400 materiam,
417 1355 472 1392 non
485 1341 603 1406 supecti,
613 1343 678 1400 etc,
689 1344 719 1392 et
730 1342 804 1403 quod
816 1342 984 1393 incarcerati
995 1356 1050 1392 nou
1060 1342 1143 1393 simul
1153 1345 1422 1406 communicentneq

249 1425 402 1476 extrinseci
419 1422 570 1488 complices
582 1424 631 1474 aut
642 1424 764 1474 accusati
777 1437 829 1487 per
841 1437 872 1474 se
884 1425 932 1474 aut
943 1437 994 1488 per
1006 1425 1201 1475 internuncios
1213 1424 1257 1476 vel
1271 1425 1390 1483 litteras,
1401 1428 1422 1477 el

250 1519 393 1557 accessum
410 1505 532 1557 habeant
549 1506 582 1556 ad
599 1519 738 1563 carceres,
751 1507 782 1556 et
793 1506 867 1568 qnod
880 1507 974 1557 omnia
986 1509 1096 1558 secreta
1107 1508 1271 1569 teneantur;
1285 1508 1356 1559 alias
1372 1520 1422 1570 sequ

249 1590 349 1640 rentur
365 1588 597 1639 inconveniencia
608 1586 705 1647 multa,
719 1589 870 1652 presertim
882 1589 906 1638 si
919 1590 1116 1640 accusaciones
1128 1589 1249 1641 aliorum
1261 1589 1422 1642 revelarent

248 1672 345 1735 posset
356 1672 431 1722 enim
443 1671 533 1733 sequi,
546 1671 622 1721 inter
635 1672 741 1727 cetera,
754 1670 931 1735 conspiracio
943 1672 973 1722 et
984 1672 1150 1736 procuracio
1163 1670 1283 1723 alicuius
1295 1671 1363 1724 mali
1374 1673 1422 1724 adu

250 1767 297 1804 sus
315 1753 422 1804 iudices
440 1754 489 1803 ant
505 1766 564 1807 eos,
577 1753 625 1816 qui
642 1765 673 1804 se
690 1753 883 1803 intromittunt
900 1754 929 1803 in
942 1754 1069 1805 materia.
1083 1755 1120 1806 Et
1132 1757 1207 1812 nota,
1220 1754 1321 1812 lector,
1334 1755 1422 1806 verisir

250 1834 324 1893 liter,
336 1835 410 1899 quod
422 1835 529 1885 detenti
541 1835 571 1885 in
584 1834 746 1886 carceribus
754 1834 827 1886 bene
846 1837 978 1896 accusati,
992 1837 1014 1886 si
1029 1851 1084 1887 non
1097 1841 1192 1889 essent
1203 1838 1422 1889 confortaciones

249 1931 321 1969 nova
337 1917 521 1979 quotbidiana
538 1918 587 1967 aut
603 1931 668 1981 spes
686 1918 751 1968 data
772 1918 801 1968 in
821 1919 1079 1969 commuuieacione
1100 1920 1135 1969 ad
1155 1932 1296 1977 carceres,
1315 1924 1364 1972 aut
1382 1920 1403 1970 si
1419 1939 1422 1966 f

248 1999 432 2050 exhiberetur
444 1998 579 2050 obscurus
591 2012 689 2050 carcer
701 2002 729 2050 et
741 2003 852 2051 austere
870 2001 1007 2057 viverent,
1020 2004 1069 2052 aut
1087 2004 1312 2054 transferrentur
1329 2004 1357 2054 in
1374 2001 1422 2052 villi

248 2081 341 2141 aliam,
360 2082 456 2133 forsan
475 2096 556 2132 suum
574 2095 669 2132 casum
687 2083 858 2145 faterentur;
877 2085 906 2133 et
923 2083 997 2139 dato,
1013 2085 1088 2146 quod
1106 2098 1257 2147 numquam
1275 2100 1370 2136 casum
1385 2097 1422 2135 sut

247 2164 445 2223 confiteantur,
459 2177 494 2215 ex
507 2178 561 2226 quo
575 2166 640 2215 sunt
651 2163 778 2230 legitime
791 2166 922 2225 accusati,
933 2167 1048 2231 impune
1062 2180 1117 2217 non
1130 2167 1235 2219 debent
1245 2169 1335 2225 abire,
1349 2171 1398 2219 etc.

250 2362 290 2412 ll.
311 2361 352 2414 Dc
374 2359 559 2429 abnegadonc
578 2369 602 2415 et
622 2363 819 2414 retractacione
840 2365 886 2414 sai
905 2377 993 2427 cosm,
1014 2370 1043 2414 ut
1063 2362 1221 2431 plurimum
1243 2368 1275 2416 in
1297 2372 1422 2431 morsm

501 2459 682 2513 quatacumque
698 2447 787 2498 eciam
803 2443 960 2498 sacedotes
976 2443 1223 2499 administrentur.

279 2592 573 2654 Nonestmirandum‚
583 2592 645 2642 siin
657 2592 749 2643 morte
760 2590 915 2643 valdenses
925 2591 1067 2658 abnegent
1078 2607 1160 2644 suum
1172 2607 1280 2653 casum,
1293 2594 1422 2659 appellant

248 2675 283 2728 de
299 2674 440 2727 iudicibus
458 2675 494 2726 ad
511 2675 637 2725 divinum
656 2674 792 2725 iudicium
809 2676 838 2725 et
851 2673 986 2735 dicentes,
1000 2676 1076 2738 qnod
1093 2677 1120 2726 vi
1138 2677 1261 2727 confessi
1280 2678 1345 2727 sunt
1361 2675 1420 2727 etsi

245 2772 331 2810 causa
348 2759 519 2816 moriuntur,
533 2760 597 2815 etc..
617 2757 795 2808 nominantes
816 2756 898 2807 dulce
918 2771 1021 2809 nomen
1042 2757 1142 2808 ihesus
1160 2760 1189 2810 et
1206 2751 1368 2810 invocantes
1385 2769 1422 2808 san

244 2841 299 2900 tos,
312 2843 377 2900 etc..
391 2842 420 2892 et
431 2841 506 2904 quod
517 2840 633 2904 capiunt
645 2839 674 2890 in
686 2839 795 2890 animas
807 2851 915 2897 eorum,
929 2840 1004 2903 quod
1016 2853 1166 2903 numquam
1184 2842 1302 2892 fuerunt
1313 2839 1422 2892 Valdens

247 2926 277 2975 et
292 2923 334 2974 sic
351 2922 450 2975 volunt
461 2923 544 2980 mori,
557 2923 725 2973 excusantes
748 2920 829 2984 alios,
848 2925 877 2972 et
894 2923 1006 2985 quando
1027 2924 1123 2988 magni
1141 2923 1233 2973 rabini
1251 2926 1317 2973 sunt
1335 2925 1361 2973 in
1379 2923 1422 2972 secl

244 3007 395 3072 proferunt
414 3005 501 3057 verba
520 3005 690 3067 sequencia:
714 3003 837 3055 «ihesus
857 3005 952 3054 autem
973 3005 1129 3056 transsiens
1146 3018 1198 3069 per
1216 3006 1340 3056 medium
1352 3004 1422 3055 illoru

244 3089 313 3148 ibat,
325 3113 337 3134 ο
351 3089 493 3152 quoniam,
507 3089 538 3138 ut
550 3089 618 3138 satis
629 3087 731 3138 scitum
744 3087 788 3138 est
796 3099 813 3136 a
822 3086 918 3136 multis
930 3088 1056 3152 expertis
1065 3090 1094 3138 et
1103 3088 1132 3137 in
1142 3088 1308 3138 tractatibus
1321 3087 1422 3151 scriptur

244 3172 268 3223 si
281 3173 414 3238 egrotent
429 3170 585 3222 valdenses
602 3183 654 3235 per
670 3183 782 3222 menses
800 3171 849 3219 aut
866 3170 927 3220 dies
944 3169 1049 3220 multos
1066 3171 1095 3219 in
1112 3169 1186 3221 lecto
1205 3184 1266 3228 suo,
1286 3185 1341 3221 non
1358 3171 1422 3220 detet

244 3267 297 3319 per
317 3253 459 3304 iusticiam
477 3254 506 3304 et
524 3254 603 3315 quasi
623 3253 803 3313 miraculose,
822 3255 900 3305 motu
917 3253 1044 3318 proprio,
1066 3254 1133 3304 tacti
1151 3266 1168 3303 a
1188 3255 1257 3310 Deo,
1279 3254 1307 3303 in
1328 3249 1422 3317 princip

242 3336 414 3402 egritudinis
431 3336 619 3386 confiteantur
635 3335 748 3401 integre
766 3337 855 3387 eciam
873 3337 956 3386 istam
976 3338 1081 3387 sectam
1100 3338 1129 3386 et
1146 3334 1306 3387 realitatem
1324 3336 1382 3386 eius
1395 3342 1421 3381 co

241 3418 399 3480 maleficiis,
412 3419 516 3475 tamen,
530 3418 597 3481 quia
609 3418 710 3469 demon
724 3418 845 3470 maxime
858 3419 1009 3469 insidiatur
1019 3417 1162 3481 calcaneo,
1172 3418 1201 3468 id
1214 3421 1257 3468 est
1270 3418 1320 3468 fini
1332 3419 1360 3469 et
1370 3420 1422 3467 mon

242 3501 278 3551 ad
289 3501 465 3553 devorandas
481 3501 599 3559 animas,
612 3500 692 3552 iuxta
706 3503 842 3565 punctum
854 3501 963 3560 mortis,
978 3503 1093 3552 evocato
1111 3501 1268 3560 sacerdote,
1283 3497 1422 3566 suggestiol

244 3582 372 3635 demonis
388 3581 562 3634 revocabunt
577 3581 737 3635 realitatem
750 3586 779 3635 ct
792 3584 940 3635 veritatem
951 3584 1034 3634 istius
1050 3585 1126 3633 secte
1138 3583 1218 3647 prius
1230 3595 1282 3647 per
1295 3596 1343 3634 eos
1354 3577 1421 3632 confe

242 3668 313 3726 sate,
323 3667 356 3717 ut
367 3665 517 3717 mendaces
528 3665 586 3715 sint
597 3666 626 3716 et
637 3666 777 3717 confessio
790 3667 904 3732 integra
916 3679 971 3716 non
982 3665 1027 3715 sit
1038 3664 1075 3714 Et
1089 3665 1191 3721 dicent,
1202 3678 1233 3715 se
1242 3665 1284 3715 ita
1292 3661 1422 3728 sompniis

242 3751 272 3802 et
283 3764 340 3801 non
352 3762 414 3801 esse
425 3762 533 3806 verum,
547 3749 622 3812 quod
635 3750 719 3800 antea
735 3749 858 3800 confessi
870 3748 937 3798 sint.
950 3747 986 3798 Et
998 3748 1072 3798 idem
1090 3747 1234 3811 reperitur
1251 3739 1422 3811 frequenter<

240 3831 453 3897 condempnatis
474 3831 509 3882 ad
529 3844 659 3883 carceres
682 3833 844 3896 perpetuos,
867 3831 933 3880 dum
954 3830 1114 3880 moriuntur
1134 3830 1163 3880 in
1184 3843 1309 3890 carcere,
1333 3833 1422 3880 revoat}

242 3915 337 3979 itaque
356 3915 459 3974 omnia,
477 3915 510 3965 ut
526 3915 605 3979 prius
624 3915 653 3964 in
671 3916 763 3965 morte
783 3913 937 3964 Valdenses
958 3913 1066 3977 sepius;
1089 3915 1147 3962 tum
1165 3913 1267 3976 primo,
1281 3913 1310 3962 in
1331 3909 1422 3974 despitl

243 3996 336 4056 buius,
350 3996 424 4060 quod
436 3997 606 4053 moriuntur,
620 3997 650 4046 et
661 3995 812 4060 aliquando
830 3997 928 4045 forsan
945 3995 1000 4045 fuit
1016 3995 1057 4046 eis
1076 3995 1141 4045 data
1158 4007 1222 4058 spes
1240 3995 1269 4044 iu
1288 3993 1422 4046 examinet

242 4080 339 4144 gracia
350 4081 379 4131 et
395 4079 592 4131 misericordia
608 4076 738 4136 ecclesie.
753 4080 782 4129 et
798 4078 864 4129 inde
882 4078 1033 4142 sperabant
1051 4091 1106 4127 non
1124 4077 1211 4139 mori3
1230 4077 1364 4133 secundo,
1377 4075 1422 4136 optl

244 4161 381 4221 demonis,
395 4161 444 4223 qui
461 4160 599 4225 imprimit
611 4160 640 4210 in
656 4160 807 4211 fantasiam
825 4173 923 4210 eorum
941 4162 971 4210 et
987 4173 1022 4210 ex
1041 4159 1226 4222 consequenti
1238 4159 1268 4208 in
1280 4155 1422 4210 intellecta

243 4245 275 4295 ut
285 4242 448 4308 intelligant
464 4243 495 4293 et
510 4243 637 4293 iudicent
653 4242 727 4307 apud
744 4255 784 4299 se,
804 4242 914 4306 decepti
936 4243 1039 4297 tamen.
1062 4242 1136 4303 quod
1154 4241 1179 4291 si
1196 4241 1341 4306 denegent
1360 4225 1422 4291 ornii

241 4340 297 4377 non
318 4327 485 4386 morientur,
506 4325 556 4375 sed
578 4324 752 4376 reducentur
773 4337 824 4389 per
846 4324 988 4374 iusticiam
1012 4322 1168 4374 secularem
1191 4323 1221 4373 iu
1244 4323 1351 4387 villam,
1373 4307 1422 4374 et÷

239 4409 401 4461 efficiuntur
421 4407 580 4466 mendaces,
594 4406 714 4471 periuri,
728 4404 964 4458 excommunicati
976 4407 1005 4457 et
1022 4407 1139 4470 peccant
1156 4404 1326 4457 mortaliter.
1340 4404 1376 4456 Et
1387 4403 1422 4454 tul

238 4491 351 4548 iusticia
360 4493 514 4556 propterea
525 4502 582 4539 non
594 4487 800 4546 dissimulante,
813 4489 976 4539 moriuntur
992 4488 1151 4551 periculose
1167 4489 1196 4538 in
1209 4491 1285 4539 statu
1299 4486 1349 4540 illo
1361 4490 1390 4540 et
1400 4486 1422 4531 0¹

240 4572 303 4633 hoc,
317 4574 348 4624 ut
363 4572 528 4637 plurimum,
542 4574 625 4625 antea
637 4585 693 4623 non
711 4570 807 4622 omnia
823 4571 957 4623 dixerunt
974 4572 1066 4634 quoad
1083 4584 1113 4622 se
1131 4572 1161 4622 et
1177 4569 1248 4621 alios
1266 4571 1396 4636 requisiti
1418 4571 1422 4620 ἴ
