3210 5386
677 572 782 661 ANNO
800 573 865 625 1460
1347 577 1392 628 101

193 739 340 802 peruectant
356 736 486 790 illustres
503 736 645 795 doctores,
658 740 688 788 et
704 737 879 803 singularius
896 740 925 791 et
942 739 978 790 ad
995 737 1113 805 longum
1131 752 1212 791 sacer
1229 738 1278 791 ille
1296 740 1397 791 doctor

193 821 267 872 basim
282 819 405 872 Thomas
423 821 459 872 de
476 820 589 883 Aquino
607 820 637 870 in
654 819 748 884 prima
765 823 846 885 parte
863 835 914 874 sue
931 821 1054 874 §lemma
1067 820 1124 874 Sed
1142 823 1171 873 ln
1189 824 1310 875 materia
1320 826 1351 875 et
1368 825 1396 874 in

194 899 454 962 osumValdensium‚
467 901 507 952 ita
519 904 551 952 ut
562 901 667 953 exinde
680 902 868 967 calumpniari
880 906 985 966 queant
997 905 1047 954 aut
1058 904 1181 955 debeant
1199 904 1397 956 accusaciones

194 984 219 1034 de
227 982 395 1049 eomplicibus
407 995 460 1048 per
471 996 520 1034 eos
533 984 618 1046 lacte,
632 984 688 1034 ista
699 985 874 1049 possibilitas
886 986 1146 1049 representaclonis
1158 989 1188 1038 et
1205 988 1396 1051 apparicionis

194 1064 310 1117 bominum
321 1067 576 1118 determinatorum
589 1068 664 1130 apud
676 1067 784 1126 doctos,
797 1068 1018 1131 circumspectos
1031 1069 1060 1118 et
1072 1069 1162 1119 bonos
1180 1069 1289 1121 iudices
1301 1069 1394 1120 locum

196 1161 237 1198 non
250 1147 326 1200 habet
336 1161 372 1200 ex
384 1148 603 1212 precedentibus
621 1149 651 1200 et
668 1151 699 1198 ut
715 1162 768 1212 per
785 1148 906 1212 amplius
924 1149 1078 1212 sequencia
1088 1149 1153 1200 luce
1164 1149 1269 1202 clarius
1281 1152 1397 1202 demon·

196 1229 307 1282 suebant.
322 1229 360 1281 Et
379 1228 434 1278 hoc
453 1229 544 1279 eciam
566 1228 651 1281 tacile
673 1232 717 1280 est
737 1230 834 1281 videre
858 1244 893 1281 ex
919 1232 1147 1282 confessionibus
1168 1235 1197 1283 et
1216 1234 1398 1297 processibus

196 1308 360 1368 Valdensium,
384 1312 518 1374 quoniam
541 1311 698 1362 valdenses
722 1312 856 1364 distincte
879 1315 1056 1377 cognoscunt
1079 1316 1109 1364 et
1131 1315 1299 1366 discernunt
1321 1315 1398 1365 viros

195 1390 266 1442 reales
275 1394 302 1444 et
311 1405 394 1445 veros
406 1406 424 1444 a
435 1393 603 1444 demonibus
615 1395 645 1445 et
656 1394 793 1458 dyabolus
807 1395 1016 1460 amulicribus3
1032 1408 1130 1458 quare,
1140 1397 1165 1446 si
1176 1396 1241 1447 talis
1249 1409 1400 1461 represen-

196 1473 295 1524 taeioibi
305 1475 397 1532 fleret,
410 1474 675 1539 deprehenderetur
692 1489 710 1526 a
726 1477 796 1528 viris
814 1481 843 1528 et
860 1477 1030 1529 mulieribus
1048 1478 1218 1530 astantibus.
1232 1479 1270 1530 Et
1285 1478 1334 1542 qui
1346 1478 1401 1528 hoc

195 1554 280 1614 scribit,
292 1557 433 1608 neminem
445 1556 517 1607 vidit
529 1560 578 1608 aut
589 1558 698 1609 audivit
708 1559 936 1610 examinatorum
948 1557 1142 1619 Valdensium,
1153 1561 1202 1623 qui
1212 1575 1268 1611 non
1278 1573 1401 1625 cognos-

195 1636 255 1684 aeret
269 1649 329 1688 vere
346 1637 377 1688 et
394 1636 529 1688 distincte
547 1637 753 1689 discrecionem
771 1641 801 1688 et
818 1638 1013 1690 differenciam
1031 1652 1083 1702 per
1099 1638 1190 1690 multa
1207 1640 1312 1690 indicia
1323 1639 1400 1690 inter

195 1714 315 1769 mulierem
326 1731 424 1770 veram
437 1719 466 1770 et
477 1717 628 1782 dyabolam
641 1721 671 1770 et
682 1719 816 1771 similiter
829 1720 906 1771 inter
917 1720 1010 1770 virum
1022 1721 1051 1771 et
1063 1721 1225 1785 dyabolum.

220 1795 244 1847 Bi
256 1798 342 1864 itaque
360 1799 411 1858 hii.
425 1801 473 1864 qui
492 1801 625 1865 exempla
642 1802 745 1853 afferre
762 1802 881 1866 cupiunt
898 1802 1104 1867 pretendencia
1119 1804 1398 1867 representacionem

197 1875 314 1932 bominum
333 1895 387 1947 per
407 1884 542 1935 demones
560 1884 589 1933 in
607 1883 666 1934 iilis
683 1884 960 1949 congregacionibns
981 1885 1010 1934 in
1031 1897 1102 1935 sexu
1122 1885 1211 1942 vario,
1234 1885 1324 1935 nescii
1343 1885 1402 1934 sint

197 1956 328 2015 litterarum
339 1965 370 2016 et
381 1965 474 2016 minus
488 1966 593 2030 ydonei
604 1967 639 2017 ad
651 1965 824 2028 loquendum
837 1967 867 2017 iu
881 1965 986 2017 talibus
996 1967 1133 2032 materiis,
1144 1968 1242 2030 preter
1250 1965 1314 2024 hoc,
1325 1965 1401 2029 quod

198 2041 277 2097 limem
287 2046 400 2109 babent,
412 2061 448 2099 ne
466 2048 560 2099 animo
572 2048 648 2100 malo
660 2048 730 2099 talia
740 2049 936 2107 enunciantes,
950 2062 1005 2112 que
1017 2049 1162 2114 ignorant,
1174 2048 1402 2099 excommunica·

143 2122 146 2185 ξ
198 2122 283 2178 tionem
294 2129 450 2189 incurrant,
463 2131 596 2194 quoniam
608 2131 638 2182 in
650 2144 682 2182 se
694 2132 738 2183 est
750 2131 931 2196 impediendo
948 2130 1072 2182 officium
1089 2132 1186 2182 sancte
1204 2130 1401 2194 inquisicionis

198 2205 348 2270 elusatum,
360 2212 492 2263 incidunt
508 2226 565 2264 non
582 2213 686 2274 minus,
699 2213 863 2278 impingunt
880 2215 910 2264 et
926 2215 1025 2264 errant
1041 2214 1071 2263 in
1089 2215 1119 2265 et
1136 2215 1237 2263 contra
1248 2210 1400 2263 articulum

199 2284 404 2346 ldslrednctive:
418 2293 569 2347 “Sanctam
579 2294 729 2347 ecelesiam
738 2295 991 2359 catholicam.etc.‚
999 2317 1011 2340 n
1022 2309 1087 2346 cum
1097 2308 1154 2357 qua
1163 2297 1240 2346 stare
1250 2295 1281 2346 et
1290 2293 1400 2345 sentire

199 2367 307 2427 deberem
316 2377 347 2429 in
359 2377 437 2428 omni
449 2376 624 2437 obediencia,
638 2377 800 2430 humilitate
812 2379 841 2429 et
853 2378 956 2429 timore
967 2390 1000 2428 ao
1009 2377 1076 2429 ndei
1086 2376 1203 2441 pietate,
1216 2378 1246 2429 et
1256 2376 1401 2440 captivare

198 2462 260 2505 unm
268 2457 441 2511 intellectum
451 2459 481 2510 in
494 2459 661 2522 obsequium
673 2460 751 2518 fidei,
764 2462 849 2522 atque
859 2459 980 2511 ecclesie
988 2461 1086 2510 sancte
1100 2459 1282 2522 acquiescere
1295 2457 1401 2509 iudicio

198 2534 221 2582 et
236 2538 409 2592 ordinacioni.
432 2540 500 2605 Ipsa
521 2542 598 2594 enim
620 2541 763 2593 catholica
784 2541 914 2600 ecelesia,
934 2543 1052 2606 propter
1077 2541 1129 2592 has
1156 2540 1401 2605 congregaciones

198 2610 352 2674 Vallensium
371 2623 401 2673 in
418 2622 517 2674 multis
533 2624 700 2690 regionibus
723 2624 946 2676 christianorum
963 2625 992 2674 et
1009 2624 1129 2687 propter
1145 2622 1275 2673 enormia
1292 2621 1402 2672 seelera

199 2703 322 2755 connum
330 2705 361 2755 in
374 2705 415 2756 eis
425 2706 474 2755 aut
483 2706 663 2757 consecutive
672 2708 703 2768 (l)
715 2707 744 2757 in
757 2706 810 2765 eis.
820 2708 899 2757 recte
911 2706 999 2757 sentit
1010 2706 1039 2755 et
1051 2704 1159 2754 iudicat
1166 2703 1326 2768 puniendos
1338 2716 1401 2753 esse

200 2778 319 2848 utiusque
336 2799 422 2837 sexus
439 2785 569 2839 homines
586 2791 615 2840 et
632 2789 706 2840 iuste
723 2801 756 2839 ac
772 2787 996 2844 racionabiliter,
1009 2800 1042 2837 ac
1058 2786 1148 2836 eciam
1160 2785 1291 2849 procedit
1302 2787 1402 2835 contra

200 2869 318 2919 manns
329 2882 364 2920 ex
378 2868 482 2920 talibus
493 2871 769 2936 congregacionibus
781 2874 847 2933 (que
860 2883 959 2921 errare
972 2882 1028 2920 non
1038 2868 1175 2929 creditur,
1185 2880 1250 2918 eum
1261 2867 1403 2932 dirigatur

200 2940 309 3009 sipiritu
326 2950 430 3002 Sancto
448 2953 477 3003 et
494 2966 511 3003 a
527 2952 630 3016 regula
646 2950 790 3003 infallibili
808 2952 955 3015 potissime
973 2951 1002 3001 in
1015 2950 1082 3009 biis,
1095 2963 1151 3012 que
1163 2950 1285 3014 tangunt
1296 2948 1403 3008 tidem).

200 3018 319 3084 Ddemnt
336 3032 409 3085 tales
428 3034 518 3085 eciam
537 3047 569 3086 se
589 3035 709 3086 reterre
730 3034 795 3091 hiis,
815 3035 863 3097 qui
884 3034 1004 3085 audiunt
1024 3032 1174 3096 loquentes
1197 3029 1354 3082 valdenses
1374 3033 1404 3079 et

200 3114 323 3167 processus
333 3116 451 3167 iaciunt.
465 3116 495 3167 si
507 3129 574 3168 vero
592 3115 665 3168 tales
683 3115 842 3182 allegantes
860 3114 992 3179 exempla
1008 3115 1063 3165 sibi
1080 3114 1136 3178 ipsi
1155 3113 1231 3164 docti
1243 3112 1404 3169 videantur,

200 3184 310 3247 lboculis
322 3197 382 3249 suis
394 3198 571 3261 conspiciant
582 3199 662 3262 prius
674 3200 755 3262 parte
768 3212 803 3248 ex
815 3211 873 3249 una
881 3197 1077 3248 confessiones
1088 3197 1117 3246 et
1126 3208 1276 3260 processus
1286 3193 1407 3245 Valden-

199 3267 387 3331 sil¹1baudiant
398 3293 448 3332 eos
459 3279 609 3343 loquentes
622 3282 651 3331 et
662 3280 691 3330 in
706 3279 780 3331 libra
793 3280 980 3330 discrecionis
994 3282 1024 3329 et
1040 3278 1112 3329 recti
1130 3277 1229 3327 iudicii
1247 3277 1409 3340 ponderent

200 3358 280 3418 ⁰utilia,
297 3364 325 3414 et
342 3362 425 3426 parte
441 3375 477 3412 ex
495 3360 552 3413 alia
567 3363 734 3414 intueantur
752 3362 781 3412 in
805 3361 888 3412 libris
906 3361 1007 3424 primis
1028 3362 1057 3411 et
1075 3358 1264 3424 originalibus
1284 3357 1410 3424 allegata

200 3443 379 3506 exemplunm
391 3444 522 3496 omnibus
532 3444 767 3500 circumstanciis,
778 3441 997 3508 possibilitatem
1006 3443 1125 3506 insuper
1134 3440 1406 3513 representacionis

200 3514 380 3576 dissecando
392 3538 460 3576 casu
472 3526 611 3576 tractatus
623 3526 652 3576 et
664 3524 753 3575 libros
766 3525 924 3581 doctorum,
938 3522 1089 3587 specialius
1102 3524 1254 3573 tractatum
1272 3521 1301 3572 et
1318 3525 1406 3572 mate·

200 3596 472 3659 dmbseecrecena
482 3609 645 3674 spirituum,
657 3609 695 3665 et.
706 3608 730 3658 si
742 3620 843 3657 sanum
853 3606 975 3671 sapiant,
990 3605 1288 3669 silebuntponentque
1300 3604 1344 3654 ori
1353 3617 1405 3654 suo

200 3683 331 3740 manliam
349 3691 380 3740 et
396 3689 501 3739 ostium
518 3689 735 3740 cmcumstancie
752 3688 837 3739 labiis
855 3689 924 3739 suis.
936 3687 994 3738 Aut
1012 3687 1037 3737 si
1056 3687 1127 3737 duro
1145 3686 1231 3737 corde
1244 3686 1404 3736 substinere

201 3762 321 3822 eduntur
332 3783 414 3822 suam
426 3771 590 3834 opinionem
602 3771 708 3833 absque
720 3771 845 3830 racione,
858 3770 936 3822 idem
953 3771 997 3820 est
1013 3768 1197 3820 iudicandum
1215 3768 1250 3818 de
1262 3767 1316 3828 eis,
1328 3768 1360 3816 ut
1371 3766 1406 3817 de

199 3845 320 3906 Prioribus
331 3866 388 3904 non
401 3850 544 3909 litteratis.
557 3852 700 3915 taciteque
712 3853 770 3904 erit
780 3853 842 3903 viro
856 3852 939 3903 docto
951 3851 981 3903 in
993 3851 1082 3901 saeris
1093 3849 1198 3901 litteris
1210 3850 1240 3900 et
1255 3849 1364 3913 pratico
1378 3847 1406 3897 in

200 3922 362 3986 henaena
372 3933 415 3986 eis
427 3934 591 3985 satisfacere
603 3934 639 3985 ad
651 3933 767 3998 plenum
786 3936 815 3985 et
832 3935 1001 3996 cuicumque
1017 3932 1147 3998 poscenti
1165 3931 1310 3982 racionem
1327 3930 1356 3981 in
1374 3941 1408 3979 ea

197 4021 232 4061 re.
240 4011 353 4068 diverte
363 4017 467 4074 tamen,
477 4014 578 4074 lector,
588 4017 664 4079 quod
677 4017 773 4081 sepius
782 4015 852 4067 talia
861 4014 994 4079 exempla
1002 4013 1161 4079 allegantes
1170 4014 1200 4064 in
1213 4013 1267 4063 hac
1278 4011 1407 4065 materia,

195 4095 221 4145 ut
231 4092 326 4149 habent
336 4099 474 4149 macutus
492 4099 665 4162 optimorum
678 4100 864 4149 tractatorum
876 4100 906 4150 et
918 4098 1103 4162 praticorum,
1117 4099 1167 4146 aut
1177 4093 1331 4158 complices
1342 4095 1409 4143 sunt

191 4176 218 4227 in
229 4180 297 4230 secla
307 4179 490 4232 Valdensium
503 4183 553 4232 aut
563 4181 711 4232 subornati
720 4182 750 4232 et
760 4180 870 4231 inducti
881 4179 916 4230 ad
927 4177 1109 4244 allegandum
1123 4191 1140 4228 a
1151 4174 1350 4241 eomplicibus3
1361 4179 1408 4237 qui

188 4259 328 4324 eompllces
338 4264 450 4314 certum
461 4263 689 4327 experimentum
701 4263 807 4314 babent
818 4261 854 4313 de
866 4261 997 4317 veritate,
1008 4273 1093 4322 quam
1102 4258 1281 4324 impugnant,
1292 4259 1333 4315 ut,
1344 4270 1408 4307 cnm

185 4342 305 4394 dicerent
315 4345 395 4409 prius
406 4358 443 4396 ex
454 4345 596 4396 industria
606 4347 636 4395 et
652 4345 832 4409 precogitata
844 4341 967 4404 malicia,
981 4342 1057 4406 quod
1070 4342 1153 4392 erant
1164 4339 1295 4404 sompnia
1306 4340 1335 4390 et
1346 4340 1408 4389 tan·

184 4423 263 4482 lasis.
274 4439 308 4477 ex
324 4428 425 4492 aperta
435 4427 555 4479 veritate
567 4427 690 4477 convicti
707 4427 764 4477 iam
781 4425 949 4490 coniugiant
966 4425 1002 4474 ad
1021 4423 1183 4480 dicendum,
1196 4422 1272 4484 quod
1290 4419 1409 4485 angelus

182 4505 304 4562 sathane
313 4510 409 4574 potest
425 4523 456 4562 se
474 4510 631 4562 transferre
649 4509 679 4560 in
697 4507 832 4574 angelum
844 4506 927 4565 lucis,
940 4507 970 4557 in
983 4519 1064 4556 suam
1078 4504 1192 4556 tandem
1203 4502 1409 4554 contusionem.

180 4593 215 4645 In
228 4592 499 4658 congregacionibus
511 4593 588 4643 enim
599 4591 667 4650 illis,
681 4593 713 4642 ut
724 4591 793 4642 satis
811 4589 923 4641 constat
934 4602 970 4640 ex
982 4586 1165 4653 processibus
1184 4588 1214 4638 et
1224 4582 1409 4636 contessioni·
