<?xml version="1.0" encoding="UTF-8"?>
<!DOCTYPE html PUBLIC "-//W3C//DTD XHTML 1.0 Transitional//EN"
    "http://www.w3.org/TR/xhtml1/DTD/xhtml1-transitional.dtd">
<html xmlns="http://www.w3.org/1999/xhtml" xml:lang="en" lang="en">
 <head>
  <title>
</title>
<meta http-equiv="Content-Type" content="text/html;charset=utf-8" />
  <meta name='ocr-system' content='tesseract 3.04.00' />
  <meta name='ocr-capabilities' content='ocr_page ocr_carea ocr_par ocr_line ocrx_word'/>
</head>
<body>
  <div class='ocr_page' id='page_1' title='image "./corpusdocumento01frgoog_0175.png"; bbox 0 0 3164 5386; ppageno 0'>
   <div class='ocr_carea' id='block_1_1' title="bbox 190 517 885 574">
    <p class='ocr_par' dir='ltr' id='par_1_1' title="bbox 190 517 885 574">
     <span class='ocr_line' id='line_1_1' title="bbox 190 517 885 574; baseline 0.004 -5"><span class='ocrx_word' id='word_1_1' title='bbox 190 517 235 570; x_wconf 81' lang='lat' dir='ltr'><strong>let</strong></span> <span class='ocrx_word' id='word_1_2' title='bbox 701 519 804 574; x_wconf 75' lang='lat' dir='ltr'><strong>tulto</strong></span> <span class='ocrx_word' id='word_1_3' title='bbox 821 520 885 572; x_wconf 76' lang='grc'><strong>1483</strong></span> 
     </span>
    </p>
   </div>
   <div class='ocr_carea' id='block_1_2' title="bbox 177 684 1380 1577">
    <p class='ocr_par' dir='ltr' id='par_1_2' title="bbox 177 684 1380 1577">
     <span class='ocr_line' id='line_1_2' title="bbox 184 684 1380 753; baseline 0.002 -16"><span class='ocrx_word' id='word_1_4' title='bbox 184 684 300 749; x_wconf 86' lang='lat' dir='ltr'><strong>gardien</strong></span> <span class='ocrx_word' id='word_1_5' title='bbox 323 686 352 737; x_wconf 90' lang='lat' dir='ltr'><strong>et</strong></span> <span class='ocrx_word' id='word_1_6' title='bbox 370 686 488 738; x_wconf 84' lang='lat' dir='ltr'><strong>convent</strong></span> <span class='ocrx_word' id='word_1_7' title='bbox 507 686 542 739; x_wconf 89' lang='lat' dir='ltr'><strong>de</strong></span> <span class='ocrx_word' id='word_1_8' title='bbox 564 688 680 738; x_wconf 87' lang='lat' dir='ltr'><strong>euvoier</strong></span> <span class='ocrx_word' id='word_1_9' title='bbox 701 687 883 753; x_wconf 84' lang='lat' dir='ltr'><strong>procuration</strong></span> <span class='ocrx_word' id='word_1_10' title='bbox 906 685 1047 752; x_wconf 83' lang='lat' dir='ltr'><strong>especiale</strong></span> <span class='ocrx_word' id='word_1_11' title='bbox 1069 688 1098 738; x_wconf 87' lang='lat' dir='ltr'><strong>et</strong></span> <span class='ocrx_word' id='word_1_12' title='bbox 1121 687 1308 739; x_wconf 70' lang='lat' dir='ltr'><strong>soutllnante</strong></span> <span class='ocrx_word' id='word_1_13' title='bbox 1322 700 1380 752; x_wconf 84' lang='lat' dir='ltr'><strong>pour</strong></span> 
     </span>
     <span class='ocr_line' id='line_1_3' title="bbox 181 768 1379 836; baseline 0.003 -18"><span class='ocrx_word' id='word_1_14' title='bbox 181 768 373 833; x_wconf 79' lang='lat' dir='ltr'><strong>recognoistre</strong></span> <span class='ocrx_word' id='word_1_15' title='bbox 386 781 420 820; x_wconf 88' lang='lat' dir='ltr'><strong>en</strong></span> <span class='ocrx_word' id='word_1_16' title='bbox 429 768 517 821; x_wconf 78' lang='lat' dir='ltr'><strong>ludite</strong></span> <span class='ocrx_word' id='word_1_17' title='bbox 528 771 610 821; x_wconf 83' lang='lat' dir='ltr'><strong>court</strong></span> <span class='ocrx_word' id='word_1_18' title='bbox 618 768 660 823; x_wconf 86' lang='lat' dir='ltr'><strong>les</strong></span> <span class='ocrx_word' id='word_1_19' title='bbox 671 770 848 835; x_wconf 80' lang='lat' dir='ltr'><strong>possessione</strong></span> <span class='ocrx_word' id='word_1_20' title='bbox 860 771 895 822; x_wconf 85' lang='lat' dir='ltr'><strong>de</strong></span> <span class='ocrx_word' id='word_1_21' title='bbox 906 769 1059 822; x_wconf 67' lang='lat' dir='ltr'><strong>mmsienrs</strong></span> <span class='ocrx_word' id='word_1_22' title='bbox 1071 770 1106 822; x_wconf 89' lang='lat' dir='ltr'><strong>de</strong></span> <span class='ocrx_word' id='word_1_23' title='bbox 1119 768 1252 835; x_wconf 81' lang='lat' dir='ltr'><strong>chapitse</strong></span> <span class='ocrx_word' id='word_1_24' title='bbox 1263 772 1379 836; x_wconf 74' lang='lat' dir='ltr'><strong>etptmer</strong></span> 
     </span>
     <span class='ocr_line' id='line_1_4' title="bbox 180 847 1378 917; baseline 0.007 -19"><span class='ocrx_word' id='word_1_25' title='bbox 180 847 298 901; x_wconf 86' lang='lat' dir='ltr'><strong>l‘eccord</strong></span> <span class='ocrx_word' id='word_1_26' title='bbox 309 849 434 903; x_wconf 87' lang='lat' dir='ltr'><strong>d&#39;ieelles</strong></span> <span class='ocrx_word' id='word_1_27' title='bbox 446 853 561 917; x_wconf 84' lang='lat' dir='ltr'><strong>parties,</strong></span> <span class='ocrx_word' id='word_1_28' title='bbox 570 852 641 904; x_wconf 86' lang='lat' dir='ltr'><strong>ainsi</strong></span> <span class='ocrx_word' id='word_1_29' title='bbox 650 867 706 916; x_wconf 86' lang='lat' dir='ltr'><strong>que</strong></span> <span class='ocrx_word' id='word_1_30' title='bbox 718 853 738 904; x_wconf 86' lang='lat' dir='ltr'><strong>il</strong></span> <span class='ocrx_word' id='word_1_31' title='bbox 751 865 817 905; x_wconf 90' lang='lat' dir='ltr'><strong>sera</strong></span> <span class='ocrx_word' id='word_1_32' title='bbox 827 852 923 905; x_wconf 83' lang='lat' dir='ltr'><strong>advise</strong></span> <span class='ocrx_word' id='word_1_33' title='bbox 932 854 962 905; x_wconf 86' lang='lat' dir='ltr'><strong>et</strong></span> <span class='ocrx_word' id='word_1_34' title='bbox 973 852 1092 904; x_wconf 82' lang='lat' dir='ltr'><strong>seconde</strong></span> <span class='ocrx_word' id='word_1_35' title='bbox 1102 851 1210 916; x_wconf 83' lang='lat' dir='ltr'><strong>parles</strong></span> <span class='ocrx_word' id='word_1_36' title='bbox 1221 851 1378 906; x_wconf 69' lang='lat' dir='ltr'><strong>consultius</strong></span> 
     </span>
     <span class='ocr_line' id='line_1_5' title="bbox 180 931 1377 1001; baseline 0.005 -20"><span class='ocrx_word' id='word_1_37' title='bbox 180 931 284 983; x_wconf 88' lang='lat' dir='ltr'><strong>desdits</strong></span> <span class='ocrx_word' id='word_1_38' title='bbox 296 933 331 985; x_wconf 90' lang='lat' dir='ltr'><strong>de</strong></span> <span class='ocrx_word' id='word_1_39' title='bbox 339 933 466 999; x_wconf 83' lang='lat' dir='ltr'><strong>chapitre</strong></span> <span class='ocrx_word' id='word_1_40' title='bbox 479 935 508 986; x_wconf 90' lang='lat' dir='ltr'><strong>et</strong></span> <span class='ocrx_word' id='word_1_41' title='bbox 520 934 627 986; x_wconf 89' lang='lat' dir='ltr'><strong>‹lesdits</strong></span> <span class='ocrx_word' id='word_1_42' title='bbox 636 935 760 993; x_wconf 85' lang='lat' dir='ltr'><strong>custode,</strong></span> <span class='ocrx_word' id='word_1_43' title='bbox 775 935 894 1001; x_wconf 80' lang='lat' dir='ltr'><strong>gordien</strong></span> <span class='ocrx_word' id='word_1_44' title='bbox 906 936 936 986; x_wconf 87' lang='lat' dir='ltr'><strong>et</strong></span> <span class='ocrx_word' id='word_1_45' title='bbox 943 936 1064 987; x_wconf 82' lang='lat' dir='ltr'><strong>convent</strong></span> <span class='ocrx_word' id='word_1_46' title='bbox 1075 933 1233 994; x_wconf 85' lang='lat' dir='ltr'><strong>ensamble‚</strong></span> <span class='ocrx_word' id='word_1_47' title='bbox 1242 949 1278 987; x_wconf 92' lang='lat' dir='ltr'><strong>en</strong></span> <span class='ocrx_word' id='word_1_48' title='bbox 1289 934 1377 987; x_wconf 79' lang='lat' dir='ltr'><strong>dotem</strong></span> 
     </span>
     <span class='ocr_line' id='line_1_6' title="bbox 179 1012 1378 1083; baseline 0.003 -20"><span class='ocrx_word' id='word_1_49' title='bbox 179 1012 206 1064; x_wconf 94' lang='lat' dir='ltr'><strong>le</strong></span> <span class='ocrx_word' id='word_1_50' title='bbox 222 1015 346 1078; x_wconf 82' lang='lat' dir='ltr'><strong>premier</strong></span> <span class='ocrx_word' id='word_1_51' title='bbox 360 1016 427 1081; x_wconf 84' lang='lat' dir='ltr'><strong>jour</strong></span> <span class='ocrx_word' id='word_1_52' title='bbox 443 1017 478 1068; x_wconf 92' lang='lat' dir='ltr'><strong>de</strong></span> <span class='ocrx_word' id='word_1_53' title='bbox 493 1017 576 1083; x_wconf 72' lang='lat' dir='ltr'><strong>tuing</strong></span> <span class='ocrx_word' id='word_1_54' title='bbox 592 1018 729 1082; x_wconf 76' lang='lat' dir='ltr'><strong>prochain</strong></span> <span class='ocrx_word' id='word_1_55' title='bbox 746 1019 850 1070; x_wconf 82' lang='lat' dir='ltr'><strong>venant</strong></span> <span class='ocrx_word' id='word_1_56' title='bbox 861 1018 908 1082; x_wconf 90' lang='lat' dir='ltr'><strong>(l),</strong></span> <span class='ocrx_word' id='word_1_57' title='bbox 926 1018 1022 1070; x_wconf 89' lang='lat' dir='ltr'><strong>teront</strong></span> <span class='ocrx_word' id='word_1_58' title='bbox 1041 1017 1118 1068; x_wconf 87' lang='lat' dir='ltr'><strong>aussi</strong></span> <span class='ocrx_word' id='word_1_59' title='bbox 1134 1019 1241 1070; x_wconf 78' lang='lat' dir='ltr'><strong>mettre</strong></span> <span class='ocrx_word' id='word_1_60' title='bbox 1258 1031 1293 1069; x_wconf 86' lang='lat' dir='ltr'><strong>au</strong></span> <span class='ocrx_word' id='word_1_61' title='bbox 1309 1017 1378 1069; x_wconf 77' lang='lat' dir='ltr'><strong>nunt</strong></span> 
     </span>
     <span class='ocr_line' id='line_1_7' title="bbox 178 1094 1376 1166; baseline 0.003 -19"><span class='ocrx_word' id='word_1_62' title='bbox 178 1094 367 1162; x_wconf 89' lang='lat' dir='ltr'><strong>l&#39;appellation</strong></span> <span class='ocrx_word' id='word_1_63' title='bbox 379 1112 433 1162; x_wconf 88' lang='lat' dir='ltr'><strong>que</strong></span> <span class='ocrx_word' id='word_1_64' title='bbox 444 1097 509 1150; x_wconf 82' lang='lat' dir='ltr'><strong>eulx</strong></span> <span class='ocrx_word' id='word_1_65' title='bbox 522 1102 552 1152; x_wconf 92' lang='lat' dir='ltr'><strong>et</strong></span> <span class='ocrx_word' id='word_1_66' title='bbox 568 1099 674 1152; x_wconf 89' lang='lat' dir='ltr'><strong>aultres</strong></span> <span class='ocrx_word' id='word_1_67' title='bbox 686 1100 829 1166; x_wconf 85' lang='lat' dir='ltr'><strong>religieux</strong></span> <span class='ocrx_word' id='word_1_68' title='bbox 841 1100 920 1152; x_wconf 90' lang='lat' dir='ltr'><strong>dient</strong></span> <span class='ocrx_word' id='word_1_69' title='bbox 931 1100 1010 1152; x_wconf 84' lang='lat' dir='ltr'><strong>avoir</strong></span> <span class='ocrx_word' id='word_1_70' title='bbox 1021 1100 1181 1164; x_wconf 81' lang='lat' dir='ltr'><strong>interjettet</strong></span> <span class='ocrx_word' id='word_1_71' title='bbox 1191 1101 1229 1152; x_wconf 89' lang='lat' dir='ltr'><strong>de</strong></span> <span class='ocrx_word' id='word_1_72' title='bbox 1239 1099 1268 1152; x_wconf 83' lang='lat' dir='ltr'><strong>la</strong></span> <span class='ocrx_word' id='word_1_73' title='bbox 1278 1098 1376 1152; x_wconf 69' lang='lat' dir='ltr'><strong>liacultt</strong></span> 
     </span>
     <span class='ocr_line' id='line_1_8' title="bbox 180 1178 1377 1248; baseline 0.003 -19"><span class='ocrx_word' id='word_1_74' title='bbox 180 1178 215 1230; x_wconf 89' lang='lat' dir='ltr'><strong>de</strong></span> <span class='ocrx_word' id='word_1_75' title='bbox 226 1178 370 1247; x_wconf 77' lang='lat' dir='ltr'><strong>theologie</strong></span> <span class='ocrx_word' id='word_1_76' title='bbox 386 1182 404 1232; x_wconf 80' lang='lat' dir='ltr'><strong>i</strong></span> <span class='ocrx_word' id='word_1_77' title='bbox 419 1181 506 1240; x_wconf 84' lang='lat' dir='ltr'><strong>Paris.</strong></span> <span class='ocrx_word' id='word_1_78' title='bbox 519 1182 549 1233; x_wconf 88' lang='lat' dir='ltr'><strong>et</strong></span> <span class='ocrx_word' id='word_1_79' title='bbox 561 1181 718 1235; x_wconf 80' lang='lat' dir='ltr'><strong>deelairent</strong></span> <span class='ocrx_word' id='word_1_80' title='bbox 728 1196 783 1247; x_wconf 87' lang='lat' dir='ltr'><strong>que</strong></span> <span class='ocrx_word' id='word_1_81' title='bbox 793 1183 894 1248; x_wconf 85' lang='lat' dir='ltr'><strong>jamais</strong></span> <span class='ocrx_word' id='word_1_82' title='bbox 906 1182 942 1233; x_wconf 80' lang='lat' dir='ltr'><strong>ils</strong></span> <span class='ocrx_word' id='word_1_83' title='bbox 955 1196 991 1234; x_wconf 92' lang='lat' dir='ltr'><strong>ne</strong></span> <span class='ocrx_word' id='word_1_84' title='bbox 1002 1182 1032 1234; x_wconf 92' lang='lat' dir='ltr'><strong>la</strong></span> <span class='ocrx_word' id='word_1_85' title='bbox 1042 1181 1159 1235; x_wconf 79' lang='lat' dir='ltr'><strong>reulent</strong></span> <span class='ocrx_word' id='word_1_86' title='bbox 1167 1182 1311 1248; x_wconf 86' lang='lat' dir='ltr'><strong>poursuir,</strong></span> <span class='ocrx_word' id='word_1_87' title='bbox 1320 1181 1377 1233; x_wconf 82' lang='lat' dir='ltr'><strong>mais</strong></span> 
     </span>
     <span class='ocr_line' id='line_1_9' title="bbox 179 1259 1376 1330; baseline 0.003 -17"><span class='ocrx_word' id='word_1_88' title='bbox 179 1259 237 1313; x_wconf 86' lang='lat' dir='ltr'><strong>s’en</strong></span> <span class='ocrx_word' id='word_1_89' title='bbox 249 1261 406 1328; x_wconf 79' lang='lat' dir='ltr'><strong>deportent,</strong></span> <span class='ocrx_word' id='word_1_90' title='bbox 416 1277 453 1316; x_wconf 92' lang='lat' dir='ltr'><strong>en</strong></span> <span class='ocrx_word' id='word_1_91' title='bbox 464 1264 600 1329; x_wconf 83' lang='lat' dir='ltr'><strong>tantqu’il</strong></span> <span class='ocrx_word' id='word_1_92' title='bbox 610 1264 673 1317; x_wconf 88' lang='lat' dir='ltr'><strong>leur</strong></span> <span class='ocrx_word' id='word_1_93' title='bbox 685 1265 798 1324; x_wconf 88' lang='lat' dir='ltr'><strong>touche,</strong></span> <span class='ocrx_word' id='word_1_94' title='bbox 811 1268 840 1317; x_wconf 89' lang='lat' dir='ltr'><strong>et</strong></span> <span class='ocrx_word' id='word_1_95' title='bbox 847 1267 1022 1330; x_wconf 89' lang='lat' dir='ltr'><strong>promettent</strong></span> <span class='ocrx_word' id='word_1_96' title='bbox 1033 1265 1068 1317; x_wconf 88' lang='lat' dir='ltr'><strong>de</strong></span> <span class='ocrx_word' id='word_1_97' title='bbox 1079 1265 1153 1317; x_wconf 81' lang='lat' dir='ltr'><strong>taire</strong></span> <span class='ocrx_word' id='word_1_98' title='bbox 1162 1263 1228 1317; x_wconf 90' lang='lat' dir='ltr'><strong>leur</strong></span> <span class='ocrx_word' id='word_1_99' title='bbox 1236 1262 1376 1330; x_wconf 79' lang='lat' dir='ltr'><strong>possibditt</strong></span> 
     </span>
     <span class='ocr_line' id='line_1_10' title="bbox 178 1344 1377 1413; baseline 0.001 -17"><span class='ocrx_word' id='word_1_100' title='bbox 178 1356 278 1397; x_wconf 81' lang='lat' dir='ltr'><strong>envers</strong></span> <span class='ocrx_word' id='word_1_101' title='bbox 294 1344 336 1398; x_wconf 90' lang='lat' dir='ltr'><strong>les</strong></span> <span class='ocrx_word' id='word_1_102' title='bbox 353 1344 458 1398; x_wconf 66' lang='lat' dir='ltr'><strong>salmes</strong></span> <span class='ocrx_word' id='word_1_103' title='bbox 475 1346 619 1412; x_wconf 84' lang='lat' dir='ltr'><strong>appelans,</strong></span> <span class='ocrx_word' id='word_1_104' title='bbox 633 1348 699 1400; x_wconf 83' lang='lat' dir='ltr'><strong>affin</strong></span> <span class='ocrx_word' id='word_1_105' title='bbox 717 1361 772 1412; x_wconf 88' lang='lat' dir='ltr'><strong>que</strong></span> <span class='ocrx_word' id='word_1_106' title='bbox 788 1361 841 1413; x_wconf 92' lang='lat' dir='ltr'><strong>par</strong></span> <span class='ocrx_word' id='word_1_107' title='bbox 857 1347 923 1400; x_wconf 89' lang='lat' dir='ltr'><strong>eulx</strong></span> <span class='ocrx_word' id='word_1_108' title='bbox 936 1348 1009 1399; x_wconf 89' lang='lat' dir='ltr'><strong>ainsi</strong></span> <span class='ocrx_word' id='word_1_109' title='bbox 1020 1361 1056 1400; x_wconf 94' lang='lat' dir='ltr'><strong>en</strong></span> <span class='ocrx_word' id='word_1_110' title='bbox 1073 1348 1130 1399; x_wconf 88' lang='lat' dir='ltr'><strong>soit</strong></span> <span class='ocrx_word' id='word_1_111' title='bbox 1140 1348 1212 1413; x_wconf 78' lang='lat' dir='ltr'><strong>tait3</strong></span> <span class='ocrx_word' id='word_1_112' title='bbox 1224 1346 1377 1400; x_wconf 77' lang='lat' dir='ltr'><strong>aultrement</strong></span> 
     </span>
     <span class='ocr_line' id='line_1_11' title="bbox 177 1428 1375 1494; baseline 0.002 -16"><span class='ocrx_word' id='word_1_113' title='bbox 177 1428 328 1480; x_wconf 84' lang='lat' dir='ltr'><strong>mesaleurs</strong></span> <span class='ocrx_word' id='word_1_114' title='bbox 344 1429 379 1480; x_wconf 91' lang='lat' dir='ltr'><strong>de</strong></span> <span class='ocrx_word' id='word_1_115' title='bbox 393 1428 520 1494; x_wconf 84' lang='lat' dir='ltr'><strong>chapitre</strong></span> <span class='ocrx_word' id='word_1_116' title='bbox 537 1430 705 1483; x_wconf 89' lang='lat' dir='ltr'><strong>demouront</strong></span> <span class='ocrx_word' id='word_1_117' title='bbox 716 1444 784 1483; x_wconf 84' lang='lat' dir='ltr'><strong>avec</strong></span> <span class='ocrx_word' id='word_1_118' title='bbox 800 1429 888 1482; x_wconf 87' lang='lat' dir='ltr'><strong>ladite</strong></span> <span class='ocrx_word' id='word_1_119' title='bbox 906 1429 1022 1483; x_wconf 76' lang='lat' dir='ltr'><strong>Faculte</strong></span> <span class='ocrx_word' id='word_1_120' title='bbox 1039 1431 1068 1483; x_wconf 89' lang='lat' dir='ltr'><strong>et</strong></span> <span class='ocrx_word' id='word_1_121' title='bbox 1084 1430 1289 1483; x_wconf 82' lang='lat' dir='ltr'><strong>soustendront</strong></span> <span class='ocrx_word' id='word_1_122' title='bbox 1302 1428 1375 1481; x_wconf 78' lang='lat' dir='ltr'><strong>ludite</strong></span> 
     </span>
     <span class='ocr_line' id='line_1_12' title="bbox 177 1512 982 1577; baseline 0.005 -16"><span class='ocrx_word' id='word_1_123' title='bbox 177 1521 260 1562; x_wconf 84' lang='lat' dir='ltr'><strong>cauae</strong></span> <span class='ocrx_word' id='word_1_124' title='bbox 272 1513 302 1562; x_wconf 91' lang='lat' dir='ltr'><strong>et</strong></span> <span class='ocrx_word' id='word_1_125' title='bbox 311 1523 344 1564; x_wconf 89' lang='lat' dir='ltr'><strong>ee</strong></span> <span class='ocrx_word' id='word_1_126' title='bbox 355 1523 409 1574; x_wconf 82' lang='lat' dir='ltr'><strong>que</strong></span> <span class='ocrx_word' id='word_1_127' title='bbox 419 1524 471 1577; x_wconf 91' lang='lat' dir='ltr'><strong>par</strong></span> <span class='ocrx_word' id='word_1_128' title='bbox 482 1512 548 1566; x_wconf 87' lang='lat' dir='ltr'><strong>eulx</strong></span> <span class='ocrx_word' id='word_1_129' title='bbox 559 1515 645 1566; x_wconf 76' lang='lat' dir='ltr'><strong>teste</strong></span> <span class='ocrx_word' id='word_1_130' title='bbox 657 1514 709 1566; x_wconf 87' lang='lat' dir='ltr'><strong>tait</strong></span> <span class='ocrx_word' id='word_1_131' title='bbox 718 1527 753 1568; x_wconf 94' lang='lat' dir='ltr'><strong>en</strong></span> <span class='ocrx_word' id='word_1_132' title='bbox 765 1517 842 1568; x_wconf 85' lang='lat' dir='ltr'><strong>ceste</strong></span> <span class='ocrx_word' id='word_1_133' title='bbox 853 1514 982 1567; x_wconf 80' lang='lat' dir='ltr'><strong>mettere.</strong></span> 
     </span>
    </p>
   </div>
   <div class='ocr_carea' id='block_1_3' title="bbox 432 1658 1379 2057">
    <p class='ocr_par' dir='ltr' id='par_1_3' title="bbox 432 1658 1379 2057">
     <span class='ocr_line' id='line_1_13' title="bbox 432 1658 1375 1721; baseline -0.002 -8"><span class='ocrx_word' id='word_1_134' title='bbox 432 1661 548 1714; x_wconf 74' lang='lat' dir='ltr'><strong>Archiet</strong></span> <span class='ocrx_word' id='word_1_135' title='bbox 564 1662 615 1714; x_wconf 91' lang='lat' dir='ltr'><strong>der</strong></span> <span class='ocrx_word' id='word_1_136' title='bbox 632 1661 794 1715; x_wconf 82' lang='lat' dir='ltr'><strong>hootdkerla</strong></span> <span class='ocrx_word' id='word_1_137' title='bbox 811 1665 839 1714; x_wconf 91' lang='lat' dir='ltr'><strong>te</strong></span> <span class='ocrx_word' id='word_1_138' title='bbox 856 1661 994 1721; x_wconf 83' lang='lat' dir='ltr'><strong>Doonnilr.</strong></span> <span class='ocrx_word' id='word_1_139' title='bbox 1010 1658 1168 1714; x_wconf 57' lang='lat' dir='ltr'><strong>Cortum</strong></span> <span class='ocrx_word' id='word_1_140' title='bbox 1180 1658 1217 1719; x_wconf 79' lang='grc' dir='ltr'><strong>θ,</strong></span> <span class='ocrx_word' id='word_1_141' title='bbox 1230 1659 1280 1712; x_wconf 88' lang='lat' dir='ltr'><strong>tol.</strong></span> <span class='ocrx_word' id='word_1_142' title='bbox 1294 1659 1336 1710; x_wconf 79' lang='lat' dir='ltr'><strong>ltl</strong></span> <span class='ocrx_word' id='word_1_143' title='bbox 1347 1669 1375 1711; x_wconf 87' lang='lat' dir='ltr'><strong>eu</strong></span> 
     </span>
     <span class='ocr_line' id='line_1_14' title="bbox 470 1741 1379 1810; baseline -0.002 -16"><span class='ocrx_word' id='word_1_144' title='bbox 470 1743 530 1808; x_wconf 76' lang='lat'><strong>16³3</strong></span> <span class='ocrx_word' id='word_1_145' title='bbox 548 1744 701 1810; x_wconf 75' lang='lat' dir='ltr'><strong>atgedrulst</strong></span> <span class='ocrx_word' id='word_1_146' title='bbox 712 1744 749 1809; x_wconf 89' lang='lat' dir='ltr'><strong>blj</strong></span> <span class='ocrx_word' id='word_1_147' title='bbox 763 1745 799 1797; x_wconf 90' lang='lat' dir='ltr'><strong>P.</strong></span> <span class='ocrx_word' id='word_1_148' title='bbox 816 1743 998 1803; x_wconf 80' lang='lat' dir='ltr'><strong>Demeuldrc‚</strong></span> <span class='ocrx_word' id='word_1_149' title='bbox 1010 1744 1091 1796; x_wconf 70' lang='lat' dir='ltr'><strong>mee</strong></span> <span class='ocrx_word' id='word_1_150' title='bbox 1101 1741 1175 1796; x_wconf 80' lang='lat' dir='ltr'><strong>Jeen</strong></span> <span class='ocrx_word' id='word_1_151' title='bbox 1191 1741 1300 1809; x_wconf 67' lang='lat' dir='ltr'><strong>tapeti</strong></span> <span class='ocrx_word' id='word_1_152' title='bbox 1311 1743 1339 1793; x_wconf 89' lang='lat' dir='ltr'><strong>in</strong></span> <span class='ocrx_word' id='word_1_153' title='bbox 1351 1741 1379 1792; x_wconf 84' lang='lat' dir='ltr'><strong>te</strong></span> 
     </span>
     <span class='ocr_line' id='line_1_15' title="bbox 468 1823 1377 1894; baseline 0.006 -16"><span class='ocrx_word' id='word_1_154' title='bbox 468 1825 605 1879; x_wconf 73' lang='lat' dir='ltr'><strong>Butletins</strong></span> <span class='ocrx_word' id='word_1_155' title='bbox 625 1825 660 1880; x_wconf 80' lang='lat' dir='ltr'><strong>de</strong></span> <span class='ocrx_word' id='word_1_156' title='bbox 682 1826 711 1880; x_wconf 84' lang='lat' dir='ltr'><strong>lo</strong></span> <span class='ocrx_word' id='word_1_157' title='bbox 737 1824 1035 1894; x_wconf 59' lang='lat' dir='ltr'><strong>commercarere&amp;</strong></span> <span class='ocrx_word' id='word_1_158' title='bbox 1057 1824 1212 1889; x_wconf 67' lang='lat' dir='ltr'><strong>dnntoirs,</strong></span> <span class='ocrx_word' id='word_1_159' title='bbox 1233 1824 1275 1875; x_wconf 71' lang='lat'><strong>5⁴·</strong></span> <span class='ocrx_word' id='word_1_160' title='bbox 1293 1823 1377 1883; x_wconf 61' lang='lat' dir='ltr'><strong>rocks</strong></span> 
     </span>
     <span class='ocr_line' id='line_1_16' title="bbox 469 1905 1379 1974; baseline -0.004 -15"><span class='ocrx_word' id='word_1_161' title='bbox 469 1908 530 1962; x_wconf 89' lang='lat' dir='ltr'><strong>deel</strong></span> <span class='ocrx_word' id='word_1_162' title='bbox 553 1908 703 1970; x_wconf 81' lang='lat' dir='ltr'><strong>V111,bls.</strong></span> <span class='ocrx_word' id='word_1_163' title='bbox 724 1909 843 1961; x_wconf 72' lang='lat' dir='ltr'><strong>sutem.</strong></span> <span class='ocrx_word' id='word_1_164' title='bbox 863 1936 896 1950; x_wconf 95' lang='lat'>-</span> <span class='ocrx_word' id='word_1_165' title='bbox 925 1909 974 1961; x_wconf 90' lang='lat' dir='ltr'><strong>Dit</strong></span> <span class='ocrx_word' id='word_1_166' title='bbox 993 1908 1060 1961; x_wconf 81' lang='lat' dir='ltr'><strong>stnk</strong></span> <span class='ocrx_word' id='word_1_167' title='bbox 1078 1908 1104 1960; x_wconf 84' lang='lat' dir='ltr'><strong>is</strong></span> <span class='ocrx_word' id='word_1_168' title='bbox 1125 1907 1155 1959; x_wconf 91' lang='lat' dir='ltr'><strong>in</strong></span> <span class='ocrx_word' id='word_1_169' title='bbox 1179 1906 1230 1961; x_wconf 88' lang='lat' dir='ltr'><strong>het</strong></span> <span class='ocrx_word' id='word_1_170' title='bbox 1254 1905 1379 1974; x_wconf 78' lang='lat' dir='ltr'><strong>vulgante</strong></span> 
     </span>
     <span class='ocr_line' id='line_1_17' title="bbox 469 1991 635 2057; baseline 0.018 -15"><span class='ocrx_word' id='word_1_171' title='bbox 469 1991 635 2057; x_wconf 75' lang='lat' dir='ltr'><strong>ingelascht</strong></span> 
     </span>
    </p>
   </div>
   <div class='ocr_carea' id='block_1_4' title="bbox 690 2222 879 2311">
    <p class='ocr_par' dir='ltr' id='par_1_4' title="bbox 690 2222 879 2311">
     <span class='ocr_line' id='line_1_18' title="bbox 690 2222 879 2311; baseline -0.011 -13"><span class='ocrx_word' id='word_1_172' title='bbox 690 2230 746 2298; x_wconf 81' lang='grc'><strong>99</strong></span> <span class='ocrx_word' id='word_1_173' title='bbox 772 2222 879 2311; x_wconf 78' lang='lat'><strong>(372⁶).</strong></span> 
     </span>
    </p>
   </div>
   <div class='ocr_carea' id='block_1_5' title="bbox 178 2458 1379 2642">
    <p class='ocr_par' dir='ltr' id='par_1_5' title="bbox 178 2458 1379 2642">
     <span class='ocr_line' id='line_1_19' title="bbox 232 2458 1379 2540; baseline -0.005 -14"><span class='ocrx_word' id='word_1_174' title='bbox 232 2464 335 2540; x_wconf 75' lang='grc'><em>1483,</em></span> <span class='ocrx_word' id='word_1_175' title='bbox 351 2459 474 2527; x_wconf 84' lang='lat' dir='ltr'><strong>Macri</strong></span> <span class='ocrx_word' id='word_1_176' title='bbox 490 2467 521 2539; x_wconf 83' lang='lat'><strong>1,</strong></span> <span class='ocrx_word' id='word_1_177' title='bbox 542 2460 713 2528; x_wconf 85' lang='lat' dir='ltr'><strong>Doornik.</strong></span> <span class='ocrx_word' id='word_1_178' title='bbox 734 2461 994 2528; x_wconf 81' lang='lat' dir='ltr'><strong>Preces-verbani</strong></span> <span class='ocrx_word' id='word_1_179' title='bbox 1011 2477 1074 2524; x_wconf 81' lang='lat' dir='ltr'><strong>vnn</strong></span> <span class='ocrx_word' id='word_1_180' title='bbox 1090 2459 1130 2523; x_wconf 90' lang='lat' dir='ltr'><strong>de</strong></span> <span class='ocrx_word' id='word_1_181' title='bbox 1145 2458 1379 2524; x_wconf 81' lang='lat' dir='ltr'><strong>overeenlromst</strong></span> 
     </span>
     <span class='ocr_line' id='line_1_20' title="bbox 178 2554 1379 2642; baseline -0.002 -18"><span class='ocrx_word' id='word_1_182' title='bbox 178 2562 321 2640; x_wconf 78' lang='lat' dir='ltr'><strong>gesloten</strong></span> <span class='ocrx_word' id='word_1_183' title='bbox 336 2562 484 2626; x_wconf 84' lang='lat' dir='ltr'><strong>tussohen</strong></span> <span class='ocrx_word' id='word_1_184' title='bbox 509 2562 564 2624; x_wconf 89' lang='lat' dir='ltr'><strong>het</strong></span> <span class='ocrx_word' id='word_1_185' title='bbox 589 2563 723 2642; x_wconf 87' lang='lat' dir='ltr'><strong>kapittel</strong></span> <span class='ocrx_word' id='word_1_186' title='bbox 750 2581 789 2625; x_wconf 90' lang='lat' dir='ltr'><strong>cn</strong></span> <span class='ocrx_word' id='word_1_187' title='bbox 814 2562 853 2625; x_wconf 90' lang='lat' dir='ltr'><strong>de</strong></span> <span class='ocrx_word' id='word_1_188' title='bbox 879 2560 1152 2624; x_wconf 87' lang='lat' dir='ltr'><strong>Minderbroeders</strong></span> <span class='ocrx_word' id='word_1_189' title='bbox 1168 2577 1233 2622; x_wconf 85' lang='lat' dir='ltr'><strong>van</strong></span> <span class='ocrx_word' id='word_1_190' title='bbox 1250 2554 1379 2623; x_wconf 86' lang='lat' dir='ltr'><strong>Doomil</strong></span> 
     </span>
    </p>
   </div>
   <div class='ocr_carea' id='block_1_6' title="bbox 177 2658 1377 2840">
    <p class='ocr_par' dir='ltr' id='par_1_6' title="bbox 177 2658 1377 2840">
     <span class='ocr_line' id='line_1_21' title="bbox 177 2658 1377 2742; baseline -0.003 -19"><span class='ocrx_word' id='word_1_191' title='bbox 177 2661 360 2741; x_wconf 81' lang='lat' dir='ltr'><strong>aangaande</strong></span> <span class='ocrx_word' id='word_1_192' title='bbox 384 2661 423 2723; x_wconf 92' lang='lat' dir='ltr'><strong>de</strong></span> <span class='ocrx_word' id='word_1_193' title='bbox 445 2659 527 2724; x_wconf 77' lang='lat' dir='ltr'><strong>rank</strong></span> <span class='ocrx_word' id='word_1_194' title='bbox 551 2662 654 2725; x_wconf 86' lang='lat' dir='ltr'><strong>Jehen</strong></span> <span class='ocrx_word' id='word_1_195' title='bbox 678 2663 803 2741; x_wconf 72' lang='lat' dir='ltr'><strong>iuguli,</strong></span> <span class='ocrx_word' id='word_1_196' title='bbox 832 2659 1025 2742; x_wconf 79' lang='lat' dir='ltr'><strong>opgemaukt</strong></span> <span class='ocrx_word' id='word_1_197' title='bbox 1045 2659 1125 2723; x_wconf 90' lang='lat' dir='ltr'><strong>door</strong></span> <span class='ocrx_word' id='word_1_198' title='bbox 1149 2658 1189 2721; x_wconf 89' lang='lat' dir='ltr'><strong>de</strong></span> <span class='ocrx_word' id='word_1_199' title='bbox 1211 2658 1377 2722; x_wconf 87' lang='lat' dir='ltr'><strong>notarisseu</strong></span> 
     </span>
     <span class='ocr_line' id='line_1_22' title="bbox 178 2760 970 2840; baseline 0.003 -19"><span class='ocrx_word' id='word_1_200' title='bbox 178 2760 369 2826; x_wconf 81' lang='lat' dir='ltr'><strong>Gulllermus</strong></span> <span class='ocrx_word' id='word_1_201' title='bbox 386 2760 534 2825; x_wconf 83' lang='lat' dir='ltr'><strong>Griuume</strong></span> <span class='ocrx_word' id='word_1_202' title='bbox 547 2778 587 2824; x_wconf 93' lang='lat' dir='ltr'><strong>en</strong></span> <span class='ocrx_word' id='word_1_203' title='bbox 603 2764 623 2824; x_wconf 87' lang='lat' dir='ltr'><strong>J</strong></span> <span class='ocrx_word' id='word_1_204' title='bbox 624 2762 766 2826; x_wconf 83' lang='lat' dir='ltr'><strong>ohannes</strong></span> <span class='ocrx_word' id='word_1_205' title='bbox 783 2761 821 2824; x_wconf 91' lang='lat' dir='ltr'><strong>de</strong></span> <span class='ocrx_word' id='word_1_206' title='bbox 838 2761 970 2840; x_wconf 84' lang='lat' dir='ltr'><strong>Gauley.</strong></span> 
     </span>
    </p>
   </div>
   <div class='ocr_carea' id='block_1_7' title="bbox 180 2957 1376 3268">
    <p class='ocr_par' dir='ltr' id='par_1_7' title="bbox 180 2957 1376 3268">
     <span class='ocr_line' id='line_1_23' title="bbox 180 2957 1376 3032; baseline -0.008 -12"><span class='ocrx_word' id='word_1_207' title='bbox 180 2962 264 3032; x_wconf 81' lang='lat' dir='ltr'><strong>Cepia</strong></span> <span class='ocrx_word' id='word_1_208' title='bbox 280 2968 456 3020; x_wconf 71' lang='lat' dir='ltr'><strong>instrumenti</strong></span> <span class='ocrx_word' id='word_1_209' title='bbox 467 2968 629 3020; x_wconf 77' lang='lat' dir='ltr'><strong>continentie</strong></span> <span class='ocrx_word' id='word_1_210' title='bbox 639 2965 788 3020; x_wconf 82' lang='lat' dir='ltr'><strong>aecordum</strong></span> <span class='ocrx_word' id='word_1_211' title='bbox 798 2981 847 3019; x_wconf 81' lang='lat' dir='ltr'><strong>seu</strong></span> <span class='ocrx_word' id='word_1_212' title='bbox 863 2961 1041 3020; x_wconf 68' lang='lat' dir='ltr'><strong>corcordiam</strong></span> <span class='ocrx_word' id='word_1_213' title='bbox 1057 2978 1089 3016; x_wconf 85' lang='lat' dir='ltr'><strong>ae</strong></span> <span class='ocrx_word' id='word_1_214' title='bbox 1095 2961 1319 3031; x_wconf 73' lang='lat' dir='ltr'><strong>pacificationen</strong></span> <span class='ocrx_word' id='word_1_215' title='bbox 1330 2957 1376 3012; x_wconf 79' lang='lat' dir='ltr'><strong>teu</strong></span> 
     </span>
     <span class='ocr_line' id='line_1_24' title="bbox 212 3037 1375 3116; baseline -0.004 -15"><span class='ocrx_word' id='word_1_216' title='bbox 212 3055 236 3101; x_wconf 88' lang='lat' dir='ltr'><strong>et</strong></span> <span class='ocrx_word' id='word_1_217' title='bbox 246 3051 428 3102; x_wconf 72' lang='lat' dir='ltr'><strong>contravenio</strong></span> <span class='ocrx_word' id='word_1_218' title='bbox 438 3057 565 3102; x_wconf 70' lang='lat' dir='ltr'><strong>ortorum</strong></span> <span class='ocrx_word' id='word_1_219' title='bbox 575 3048 614 3102; x_wconf 81' lang='lat' dir='ltr'><strong>ed</strong></span> <span class='ocrx_word' id='word_1_220' title='bbox 630 3063 746 3102; x_wconf 83' lang='lat' dir='ltr'><strong>cautem</strong></span> <span class='ocrx_word' id='word_1_221' title='bbox 760 3048 958 3116; x_wconf 73' lang='lat' dir='ltr'><strong>predicationis</strong></span> <span class='ocrx_word' id='word_1_222' title='bbox 972 3046 1072 3113; x_wconf 73' lang='lat' dir='ltr'><strong>[ratris</strong></span> <span class='ocrx_word' id='word_1_223' title='bbox 1087 3042 1224 3099; x_wconf 71' lang='lat' dir='ltr'><strong>totonns</strong></span> <span class='ocrx_word' id='word_1_224' title='bbox 1240 3041 1337 3112; x_wconf 62' lang='lat' dir='ltr'><strong>Annuit</strong></span> <span class='ocrx_word' id='word_1_225' title='bbox 1348 3037 1375 3091; x_wconf 74' lang='lat' dir='ltr'><strong>dt</strong></span> 
     </span>
     <span class='ocr_line' id='line_1_25' title="bbox 210 3123 1373 3201; baseline -0.006 -18"><span class='ocrx_word' id='word_1_226' title='bbox 210 3127 308 3184; x_wconf 85' lang='lat' dir='ltr'><strong>ordine</strong></span> <span class='ocrx_word' id='word_1_227' title='bbox 318 3131 438 3199; x_wconf 72' lang='lat' dir='ltr'><strong>fratrum</strong></span> <span class='ocrx_word' id='word_1_228' title='bbox 449 3132 599 3193; x_wconf 72' lang='lat' dir='ltr'><strong>minonem,</strong></span> <span class='ocrx_word' id='word_1_229' title='bbox 612 3147 693 3201; x_wconf 85' lang='lat' dir='ltr'><strong>quem</strong></span> <span class='ocrx_word' id='word_1_230' title='bbox 710 3138 858 3184; x_wconf 75' lang='lat' dir='ltr'><strong>concentus</strong></span> <span class='ocrx_word' id='word_1_231' title='bbox 874 3132 999 3198; x_wconf 73' lang='lat' dir='ltr'><strong>fratrum</strong></span> <span class='ocrx_word' id='word_1_232' title='bbox 1015 3131 1158 3182; x_wconf 87' lang='lat' dir='ltr'><strong>minorum</strong></span> <span class='ocrx_word' id='word_1_233' title='bbox 1175 3124 1261 3195; x_wconf 74' lang='lat' dir='ltr'><strong>liujus</strong></span> <span class='ocrx_word' id='word_1_234' title='bbox 1271 3123 1373 3179; x_wconf 81' lang='lat' dir='ltr'><strong>ciotntit</strong></span> 
     </span>
     <span class='ocr_line' id='line_1_26' title="bbox 216 3211 630 3268; baseline -0.002 -3"><span class='ocrx_word' id='word_1_235' title='bbox 216 3211 395 3267; x_wconf 82' lang='lat' dir='ltr'><strong>Tornaeensis</strong></span> <span class='ocrx_word' id='word_1_236' title='bbox 402 3215 541 3268; x_wconf 81' lang='lat' dir='ltr'><strong>sustinuit.</strong></span> <span class='ocrx_word' id='word_1_237' title='bbox 628 3237 630 3241; x_wconf 35' lang='lat' dir='ltr'>v</span> 
     </span>
    </p>
   </div>
   <div class='ocr_carea' id='block_1_8' title="bbox 174 3357 1399 4333">
    <p class='ocr_par' dir='ltr' id='par_1_8' title="bbox 211 3357 607 3419">
     <span class='ocr_line' id='line_1_27' title="bbox 211 3357 607 3419; baseline 0.003 -10"><span class='ocrx_word' id='word_1_238' title='bbox 211 3357 244 3409; x_wconf 92' lang='lat' dir='ltr'><strong>Iu</strong></span> <span class='ocrx_word' id='word_1_239' title='bbox 256 3360 368 3412; x_wconf 90' lang='lat' dir='ltr'><strong>nomine</strong></span> <span class='ocrx_word' id='word_1_240' title='bbox 381 3359 502 3419; x_wconf 89' lang='lat' dir='ltr'><strong>Domini,</strong></span> <span class='ocrx_word' id='word_1_241' title='bbox 516 3373 607 3411; x_wconf 88' lang='lat' dir='ltr'><strong>amen.</strong></span> 
     </span>
    </p>

    <p class='ocr_par' dir='ltr' id='par_1_9' title="bbox 174 3431 1399 4333">
     <span class='ocr_line' id='line_1_28' title="bbox 210 3431 1374 3507; baseline -0.008 -15"><span class='ocrx_word' id='word_1_242' title='bbox 210 3440 268 3492; x_wconf 90' lang='lat' dir='ltr'><strong>Per</strong></span> <span class='ocrx_word' id='word_1_243' title='bbox 286 3441 340 3494; x_wconf 91' lang='lat' dir='ltr'><strong>hoc</strong></span> <span class='ocrx_word' id='word_1_244' title='bbox 360 3455 475 3507; x_wconf 78' lang='lat' dir='ltr'><strong>presens</strong></span> <span class='ocrx_word' id='word_1_245' title='bbox 495 3441 639 3507; x_wconf 91' lang='lat' dir='ltr'><strong>publicum</strong></span> <span class='ocrx_word' id='word_1_246' title='bbox 658 3442 877 3494; x_wconf 81' lang='lat' dir='ltr'><strong>instrumentum</strong></span> <span class='ocrx_word' id='word_1_247' title='bbox 897 3440 1006 3493; x_wconf 88' lang='lat' dir='ltr'><strong>cunctis</strong></span> <span class='ocrx_word' id='word_1_248' title='bbox 1025 3440 1122 3505; x_wconf 83' lang='lat' dir='ltr'><strong>pateat</strong></span> <span class='ocrx_word' id='word_1_249' title='bbox 1141 3439 1289 3491; x_wconf 86' lang='lat' dir='ltr'><strong>evidenter</strong></span> <span class='ocrx_word' id='word_1_250' title='bbox 1308 3437 1335 3488; x_wconf 88' lang='lat' dir='ltr'><strong>et</strong></span> <span class='ocrx_word' id='word_1_251' title='bbox 1347 3431 1374 3483; x_wconf 84' lang='lat' dir='ltr'><strong>sit</strong></span> 
     </span>
     <span class='ocr_line' id='line_1_29' title="bbox 178 3517 1375 3590; baseline -0.004 -15"><span class='ocrx_word' id='word_1_252' title='bbox 178 3524 286 3587; x_wconf 88' lang='lat' dir='ltr'><strong>notum,</strong></span> <span class='ocrx_word' id='word_1_253' title='bbox 298 3526 372 3590; x_wconf 88' lang='lat' dir='ltr'><strong>quod</strong></span> <span class='ocrx_word' id='word_1_254' title='bbox 390 3537 462 3576; x_wconf 91' lang='lat' dir='ltr'><strong>anno</strong></span> <span class='ocrx_word' id='word_1_255' title='bbox 482 3525 608 3590; x_wconf 76' lang='lat' dir='ltr'><strong>eiusdem</strong></span> <span class='ocrx_word' id='word_1_256' title='bbox 621 3525 733 3577; x_wconf 87' lang='lat' dir='ltr'><strong>Domini</strong></span> <span class='ocrx_word' id='word_1_257' title='bbox 746 3524 896 3576; x_wconf 88' lang='lat' dir='ltr'><strong>millesimo</strong></span> <span class='ocrx_word' id='word_1_258' title='bbox 909 3521 1187 3588; x_wconf 85' lang='lat' dir='ltr'><strong>quadringentesimo</strong></span> <span class='ocrx_word' id='word_1_259' title='bbox 1201 3517 1375 3586; x_wconf 77' lang='lat' dir='ltr'><strong>octuagesimo</strong></span> 
     </span>
     <span class='ocr_line' id='line_1_30' title="bbox 176 3601 1376 3667; baseline -0.005 -9"><span class='ocrx_word' id='word_1_260' title='bbox 176 3607 299 3659; x_wconf 89' lang='lat' dir='ltr'><strong>secundo</strong></span> <span class='ocrx_word' id='word_1_261' title='bbox 317 3607 470 3659; x_wconf 90' lang='lat' dir='ltr'><strong>secuudum</strong></span> <span class='ocrx_word' id='word_1_262' title='bbox 487 3608 602 3658; x_wconf 91' lang='lat' dir='ltr'><strong>modum</strong></span> <span class='ocrx_word' id='word_1_263' title='bbox 619 3607 761 3658; x_wconf 89' lang='lat' dir='ltr'><strong>scribendi</strong></span> <span class='ocrx_word' id='word_1_264' title='bbox 778 3607 807 3657; x_wconf 90' lang='lat' dir='ltr'><strong>iu</strong></span> <span class='ocrx_word' id='word_1_265' title='bbox 825 3606 945 3658; x_wconf 85' lang='lat' dir='ltr'><strong>ecclesia</strong></span> <span class='ocrx_word' id='word_1_266' title='bbox 956 3604 1110 3663; x_wconf 85' lang='lat' dir='ltr'><strong>Gallicana,</strong></span> <span class='ocrx_word' id='word_1_267' title='bbox 1123 3604 1279 3655; x_wconf 85' lang='lat' dir='ltr'><strong>indictione</strong></span> <span class='ocrx_word' id='word_1_268' title='bbox 1290 3601 1376 3667; x_wconf 81' lang='lat' dir='ltr'><strong>prim.</strong></span> 
     </span>
     <span class='ocr_line' id='line_1_31' title="bbox 176 3678 1379 3756; baseline -0.008 -14"><span class='ocrx_word' id='word_1_269' title='bbox 176 3689 222 3742; x_wconf 91' lang='lat' dir='ltr'><strong>dle</strong></span> <span class='ocrx_word' id='word_1_270' title='bbox 240 3703 306 3742; x_wconf 82' lang='lat' dir='ltr'><strong>vero</strong></span> <span class='ocrx_word' id='word_1_271' title='bbox 324 3688 447 3750; x_wconf 82' lang='lat' dir='ltr'><strong>sabbati,</strong></span> <span class='ocrx_word' id='word_1_272' title='bbox 460 3690 553 3756; x_wconf 88' lang='lat' dir='ltr'><strong>prima</strong></span> <span class='ocrx_word' id='word_1_273' title='bbox 569 3689 673 3740; x_wconf 88' lang='lat' dir='ltr'><strong>mensis</strong></span> <span class='ocrx_word' id='word_1_274' title='bbox 691 3689 801 3752; x_wconf 82' lang='lat' dir='ltr'><strong>Marcii,</strong></span> <span class='ocrx_word' id='word_1_275' title='bbox 819 3692 884 3740; x_wconf 85' lang='lat' dir='ltr'><strong>ante</strong></span> <span class='ocrx_word' id='word_1_276' title='bbox 902 3687 1087 3745; x_wconf 87' lang='lat' dir='ltr'><strong>Dominicam,</strong></span> <span class='ocrx_word' id='word_1_277' title='bbox 1106 3699 1163 3750; x_wconf 87' lang='lat' dir='ltr'><strong>qua</strong></span> <span class='ocrx_word' id='word_1_278' title='bbox 1177 3686 1208 3736; x_wconf 90' lang='lat' dir='ltr'><strong>in</strong></span> <span class='ocrx_word' id='word_1_279' title='bbox 1226 3687 1322 3737; x_wconf 89' lang='lat' dir='ltr'><strong>sancta</strong></span> <span class='ocrx_word' id='word_1_280' title='bbox 1337 3678 1379 3733; x_wconf 84' lang='lat' dir='ltr'><strong>Ilei</strong></span> 
     </span>
     <span class='ocr_line' id='line_1_32' title="bbox 175 3766 1381 3839; baseline -0.007 -13"><span class='ocrx_word' id='word_1_281' title='bbox 175 3772 296 3826; x_wconf 88' lang='lat' dir='ltr'><strong>eeclesia</strong></span> <span class='ocrx_word' id='word_1_282' title='bbox 311 3787 363 3839; x_wconf 91' lang='lat' dir='ltr'><strong>pro</strong></span> <span class='ocrx_word' id='word_1_283' title='bbox 381 3773 500 3825; x_wconf 89' lang='lat' dir='ltr'><strong>introitu</strong></span> <span class='ocrx_word' id='word_1_284' title='bbox 517 3772 603 3824; x_wconf 89' lang='lat' dir='ltr'><strong>misse</strong></span> <span class='ocrx_word' id='word_1_285' title='bbox 620 3774 751 3823; x_wconf 86' lang='lat' dir='ltr'><strong>cantatur</strong></span> <span class='ocrx_word' id='word_1_286' title='bbox 770 3769 858 3835; x_wconf 84' lang='lat' dir='ltr'><strong>Oculi,</strong></span> <span class='ocrx_word' id='word_1_287' title='bbox 871 3771 985 3822; x_wconf 85' lang='lat' dir='ltr'><strong>circiter</strong></span> <span class='ocrx_word' id='word_1_288' title='bbox 1003 3770 1198 3822; x_wconf 88' lang='lat' dir='ltr'><strong>duodecimam</strong></span> <span class='ocrx_word' id='word_1_289' title='bbox 1214 3768 1314 3820; x_wconf 89' lang='lat' dir='ltr'><strong>horam</strong></span> <span class='ocrx_word' id='word_1_290' title='bbox 1326 3766 1381 3819; x_wconf 81' lang='lat' dir='ltr'><strong>ante</strong></span> 
     </span>
     <span class='ocr_line' id='line_1_33' title="bbox 174 3848 1384 3922; baseline -0.004 -16"><span class='ocrx_word' id='word_1_291' title='bbox 174 3855 323 3922; x_wconf 89' lang='lat' dir='ltr'><strong>prandium</strong></span> <span class='ocrx_word' id='word_1_292' title='bbox 334 3855 521 3907; x_wconf 87' lang='lat' dir='ltr'><strong>meridianum</strong></span> <span class='ocrx_word' id='word_1_293' title='bbox 534 3855 661 3918; x_wconf 86' lang='lat' dir='ltr'><strong>ejusdem</strong></span> <span class='ocrx_word' id='word_1_294' title='bbox 673 3855 739 3913; x_wconf 85' lang='lat' dir='ltr'><strong>diei,</strong></span> <span class='ocrx_word' id='word_1_295' title='bbox 752 3854 932 3921; x_wconf 83' lang='lat' dir='ltr'><strong>pontificatus</strong></span> <span class='ocrx_word' id='word_1_296' title='bbox 944 3852 1113 3904; x_wconf 84' lang='lat' dir='ltr'><strong>sanctissimi</strong></span> <span class='ocrx_word' id='word_1_297' title='bbox 1125 3851 1155 3902; x_wconf 90' lang='lat' dir='ltr'><strong>in</strong></span> <span class='ocrx_word' id='word_1_298' title='bbox 1174 3851 1288 3903; x_wconf 84' lang='lat' dir='ltr'><strong>Christo</strong></span> <span class='ocrx_word' id='word_1_299' title='bbox 1306 3848 1384 3916; x_wconf 83' lang='lat' dir='ltr'><strong>patris</strong></span> 
     </span>
     <span class='ocr_line' id='line_1_34' title="bbox 175 3933 1388 4002; baseline -0.002 -11"><span class='ocrx_word' id='word_1_300' title='bbox 175 3939 205 3991; x_wconf 89' lang='lat' dir='ltr'><strong>et</strong></span> <span class='ocrx_word' id='word_1_301' title='bbox 216 3937 322 3989; x_wconf 89' lang='lat' dir='ltr'><strong>domini</strong></span> <span class='ocrx_word' id='word_1_302' title='bbox 333 3938 424 3990; x_wconf 87' lang='lat' dir='ltr'><strong>nostri</strong></span> <span class='ocrx_word' id='word_1_303' title='bbox 437 3937 542 3988; x_wconf 90' lang='lat' dir='ltr'><strong>domini</strong></span> <span class='ocrx_word' id='word_1_304' title='bbox 555 3936 627 3988; x_wconf 82' lang='lat' dir='ltr'><strong>sixti</strong></span> <span class='ocrx_word' id='word_1_305' title='bbox 639 3937 734 3989; x_wconf 81' lang='lat' dir='ltr'><strong>divina</strong></span> <span class='ocrx_word' id='word_1_306' title='bbox 745 3936 929 4002; x_wconf 79' lang='lat' dir='ltr'><strong>providencia</strong></span> <span class='ocrx_word' id='word_1_307' title='bbox 939 3948 1011 4000; x_wconf 89' lang='lat' dir='ltr'><strong>pape</strong></span> <span class='ocrx_word' id='word_1_308' title='bbox 1024 3934 1118 3999; x_wconf 87' lang='lat' dir='ltr'><strong>quarti</strong></span> <span class='ocrx_word' id='word_1_309' title='bbox 1130 3946 1204 3985; x_wconf 90' lang='lat' dir='ltr'><strong>anuo</strong></span> <span class='ocrx_word' id='word_1_310' title='bbox 1217 3933 1388 3988; x_wconf 76' lang='lat' dir='ltr'><strong>duodecimo.</strong></span> 
     </span>
     <span class='ocr_line' id='line_1_35' title="bbox 176 4015 1393 4084; baseline -0.004 -11"><span class='ocrx_word' id='word_1_311' title='bbox 176 4021 206 4073; x_wconf 91' lang='lat' dir='ltr'><strong>in</strong></span> <span class='ocrx_word' id='word_1_312' title='bbox 219 4022 380 4074; x_wconf 88' lang='lat' dir='ltr'><strong>nostrorum</strong></span> <span class='ocrx_word' id='word_1_313' title='bbox 392 4020 567 4072; x_wconf 89' lang='lat' dir='ltr'><strong>notariorum</strong></span> <span class='ocrx_word' id='word_1_314' title='bbox 578 4018 755 4084; x_wconf 89' lang='lat' dir='ltr'><strong>publicorum</strong></span> <span class='ocrx_word' id='word_1_315' title='bbox 767 4020 796 4071; x_wconf 89' lang='lat' dir='ltr'><strong>et</strong></span> <span class='ocrx_word' id='word_1_316' title='bbox 814 4019 928 4071; x_wconf 86' lang='lat' dir='ltr'><strong>testium</strong></span> <span class='ocrx_word' id='word_1_317' title='bbox 945 4017 1169 4082; x_wconf 90' lang='lat' dir='ltr'><strong>subscriptorum</strong></span> <span class='ocrx_word' id='word_1_318' title='bbox 1186 4015 1223 4067; x_wconf 93' lang='lat' dir='ltr'><strong>ad</strong></span> <span class='ocrx_word' id='word_1_319' title='bbox 1240 4015 1297 4068; x_wconf 88' lang='lat' dir='ltr'><strong>hoc</strong></span> <span class='ocrx_word' id='word_1_320' title='bbox 1313 4029 1393 4082; x_wconf 86' lang='lat' dir='ltr'><strong>prop·</strong></span> 
     </span>
     <span class='ocr_line' id='line_1_36' title="bbox 178 4098 1396 4169; baseline -0.002 -14"><span class='ocrx_word' id='word_1_321' title='bbox 178 4105 259 4155; x_wconf 90' lang='lat' dir='ltr'><strong>terea</strong></span> <span class='ocrx_word' id='word_1_322' title='bbox 275 4104 437 4155; x_wconf 81' lang='lat' dir='ltr'><strong>vocatorum</strong></span> <span class='ocrx_word' id='word_1_323' title='bbox 455 4100 617 4167; x_wconf 77' lang='lat' dir='ltr'><strong>specialiter</strong></span> <span class='ocrx_word' id='word_1_324' title='bbox 634 4106 663 4155; x_wconf 92' lang='lat' dir='ltr'><strong>et</strong></span> <span class='ocrx_word' id='word_1_325' title='bbox 679 4105 843 4169; x_wconf 83' lang='lat' dir='ltr'><strong>rogatorum</strong></span> <span class='ocrx_word' id='word_1_326' title='bbox 860 4101 1017 4167; x_wconf 87' lang='lat' dir='ltr'><strong>presencia,</strong></span> <span class='ocrx_word' id='word_1_327' title='bbox 1031 4098 1178 4151; x_wconf 88' lang='lat' dir='ltr'><strong>constituti</strong></span> <span class='ocrx_word' id='word_1_328' title='bbox 1195 4100 1226 4151; x_wconf 87' lang='lat' dir='ltr'><strong>et</strong></span> <span class='ocrx_word' id='word_1_329' title='bbox 1243 4100 1396 4152; x_wconf 85' lang='lat' dir='ltr'><strong>existentes</strong></span> 
     </span>
     <span class='ocr_line' id='line_1_37' title="bbox 177 4179 1397 4251; baseline -0.001 -15"><span class='ocrx_word' id='word_1_330' title='bbox 177 4183 353 4238; x_wconf 83' lang='lat' dir='ltr'><strong>venerabiles</strong></span> <span class='ocrx_word' id='word_1_331' title='bbox 365 4187 394 4238; x_wconf 88' lang='lat' dir='ltr'><strong>et</strong></span> <span class='ocrx_word' id='word_1_332' title='bbox 402 4185 598 4250; x_wconf 85' lang='lat' dir='ltr'><strong>circumspecti</strong></span> <span class='ocrx_word' id='word_1_333' title='bbox 610 4184 663 4237; x_wconf 88' lang='lat' dir='ltr'><strong>viri</strong></span> <span class='ocrx_word' id='word_1_334' title='bbox 673 4185 779 4237; x_wconf 90' lang='lat' dir='ltr'><strong>domini</strong></span> <span class='ocrx_word' id='word_1_335' title='bbox 787 4184 934 4251; x_wconf 86' lang='lat' dir='ltr'><strong>presidens</strong></span> <span class='ocrx_word' id='word_1_336' title='bbox 944 4185 973 4236; x_wconf 90' lang='lat' dir='ltr'><strong>et</strong></span> <span class='ocrx_word' id='word_1_337' title='bbox 980 4181 1134 4249; x_wconf 88' lang='lat' dir='ltr'><strong>capitulum</strong></span> <span class='ocrx_word' id='word_1_338' title='bbox 1143 4179 1269 4248; x_wconf 74' lang='lat' dir='ltr'><strong>insignis</strong></span> <span class='ocrx_word' id='word_1_339' title='bbox 1279 4183 1397 4237; x_wconf 86' lang='lat' dir='ltr'><strong>ecclesie</strong></span> 
     </span>
     <span class='ocr_line' id='line_1_38' title="bbox 178 4265 1399 4333; baseline -0.002 -12"><span class='ocrx_word' id='word_1_340' title='bbox 178 4267 366 4321; x_wconf 71' lang='lat' dir='ltr'><strong>&#39;tornacensis</strong></span> <span class='ocrx_word' id='word_1_341' title='bbox 377 4269 407 4320; x_wconf 90' lang='lat' dir='ltr'><strong>in</strong></span> <span class='ocrx_word' id='word_1_342' title='bbox 419 4281 518 4321; x_wconf 90' lang='lat' dir='ltr'><strong>eorum</strong></span> <span class='ocrx_word' id='word_1_343' title='bbox 530 4266 592 4320; x_wconf 90' lang='lat' dir='ltr'><strong>loco</strong></span> <span class='ocrx_word' id='word_1_344' title='bbox 602 4266 751 4333; x_wconf 86' lang='lat' dir='ltr'><strong>capitulari</strong></span> <span class='ocrx_word' id='word_1_345' title='bbox 760 4267 955 4333; x_wconf 82' lang='lat' dir='ltr'><strong>capitulariter</strong></span> <span class='ocrx_word' id='word_1_346' title='bbox 964 4265 1141 4333; x_wconf 82' lang='lat' dir='ltr'><strong>congregati,</strong></span> <span class='ocrx_word' id='word_1_347' title='bbox 1151 4276 1188 4317; x_wconf 87' lang='lat' dir='ltr'><strong>ex</strong></span> <span class='ocrx_word' id='word_1_348' title='bbox 1196 4278 1269 4329; x_wconf 81' lang='lat' dir='ltr'><strong>una,</strong></span> <span class='ocrx_word' id='word_1_349' title='bbox 1278 4268 1310 4319; x_wconf 89' lang='lat' dir='ltr'><strong>et</strong></span> <span class='ocrx_word' id='word_1_350' title='bbox 1318 4279 1399 4321; x_wconf 80' lang='lat' dir='ltr'><strong>sene·</strong></span> 
     </span>
    </p>
   </div>
   <div class='ocr_carea' id='block_1_9' title="bbox 213 4580 428 4649">
    <p class='ocr_par' dir='ltr' id='par_1_10' title="bbox 213 4580 428 4649">
     <span class='ocr_line' id='line_1_39' title="bbox 213 4580 428 4649; baseline 0.014 -14"><span class='ocrx_word' id='word_1_351' title='bbox 213 4584 251 4649; x_wconf 89' lang='lat'><strong>(1)</strong></span> <span class='ocrx_word' id='word_1_352' title='bbox 268 4580 304 4638; x_wconf 93' lang='lat' dir='ltr'><strong>0t</strong></span> <span class='ocrx_word' id='word_1_353' title='bbox 314 4597 428 4640; x_wconf 72' lang='lat' dir='ltr'><strong>unum.</strong></span> 
     </span>
    </p>
   </div>
   <div class='ocr_carea' id='block_1_10' title="bbox 0 0 1586 5386">
    <p class='ocr_par' dir='ltr' id='par_1_11' title="bbox 0 0 1586 5386">
     <span class='ocr_line' id='line_1_40' title="bbox 0 0 1586 5386; baseline 0 4"><span class='ocrx_word' id='word_1_354' title='bbox 0 0 1586 5386; x_wconf 95' lang='lat' dir='ltr'><strong> </strong></span> 
     </span>
    </p>
   </div>
  </div>
 </body>
</html>
