3164 5386
236 522 266 573 11
751 519 857 573 ΑΝΝΟ
876 518 939 570 1349

233 695 335 757 sende
351 697 461 774 eenige
479 695 613 757 artikels
630 695 677 756 uit
694 693 750 755 het
766 694 954 773 reglement,
970 693 1026 754 dat
1041 693 1080 754 de
1096 690 1260 770 Brugsohe
1273 691 1455 754 Geeselaam

234 810 298 856 aan
316 794 371 857 hot
387 793 523 874 kapittel
541 811 604 856 van
621 792 768 857 Doornik
784 795 835 856 ter
852 792 1072 873 goedkeuring
1084 791 1296 854 overaonden.

249 979 299 1032 Isti
314 989 378 1033 sunt
394 981 509 1034 articuli
528 982 644 1033 contracti
660 994 679 1032 a
696 978 796 1047 reputa
822 977 1053 1045 moechatorum,
1077 993 1163 1046 quum
1180 975 1385 1046 Flaqcllotorec
1401 975 1433 1028 dc

281 1061 388 1131 Bruqis
405 1066 541 1116 miserunt
558 1061 680 1131 capitulo
702 1061 879 1125 TornocemI,
898 1069 926 1112 ut
944 1060 1176 1129 ap[p]robcretur
1193 1074 1291 1113 eorum
1307 1067 1404 1113 statua

268 1206 375 1266 Primo,
389 1210 473 1272 quod.
487 1212 605 1274 recepta
616 1223 710 1267 cruce,
724 1221 781 1259 non
797 1208 919 1260 debeant
931 1208 1061 1272 recipere
1073 1205 1254 1258 elemosinas.

267 1288 350 1356 Item,
364 1291 470 1343 debent
482 1293 588 1345 habere
601 1295 725 1356 quatuor
735 1293 863 1343 rectores
875 1303 926 1343 seu
938 1291 1101 1356 magistros.

268 1371 350 1431 Item,
367 1374 471 1427 debent
482 1374 568 1426 simul
581 1375 691 1427 intrare
703 1375 843 1426 civitates.
1545 1428 1550 1434 .

268 1454 350 1514 Item,
370 1457 481 1520 quando
501 1458 608 1510 habent
624 1456 734 1522 aliquas
753 1469 852 1508 causas
870 1471 920 1508 seu
942 1456 1107 1512 discordias,
1128 1454 1234 1506 debent
1252 1452 1388 1519 conqueri
1405 1463 1447 1503 ado
1529 1468 1554 1533 j*
1566 1467 1582 1477 -

238 1537 387 1602 magistro.
1531 1532 1534 1537 ’

268 1618 351 1679 Item,
365 1620 492 1684 qualibet
504 1624 587 1674 nocte
606 1622 757 1673 mutabunt
768 1621 906 1686 hospicia.

267 1701 351 1761 Item,
365 1717 421 1754 uon
433 1703 586 1768 loquentur
600 1718 665 1756 cum
678 1702 857 1756 mulieribus.
1515 1733 1575 1760 ,ἢ

268 1784 350 1845 Item,
363 1785 474 1854 nichi[l]
486 1789 622 1852 poterunt
640 1788 769 1852 recipere
790 1784 995 1837 amulieribua.
1514 1790 1524 1859 ὲ
1538 1813 1580 1852 5,

267 1867 350 1928 Item,
363 1868 457 1921 nullus
469 1871 589 1935 recipiet
601 1884 704 1934 aquam
718 1869 763 1922 vel
776 1870 987 1935 manutergium
1000 1869 1055 1919 uisi
1067 1869 1102 1920 de
1114 1870 1201 1920 terra.
1521 1864 1573 1932 ³3:

268 1950 351 2009 Item,
364 1965 421 2003 non
433 1953 538 2004 debent
549 1966 657 2017 ponere
671 1966 801 2017 superse
813 1955 920 2004 vestem
933 1950 1035 2010 albam,
1047 1964 1103 2015 qua
1115 1953 1235 2003 utuntur
1245 1951 1413 2016 penitentes.
1526 1960 1576 2018 κ’

270 2032 351 2092 Item,
364 2035 493 2087 infirmos
511 2050 577 2086 suos
596 2050 652 2086 non
670 2036 777 2088 debent
794 2035 942 2086 dimictere
960 2034 989 2085 in
1006 2034 1102 2098 aliqua
1119 2033 1195 2093 villa.
1208 2047 1261 2098 per
1273 2047 1358 2099 quam
1370 2029 1448 2085 ibunt.
1537 2040 1542 2047 ·
1566 2050 1582 2069 a

241 2115 292 2167 sed
304 2129 400 2168 secum
412 2119 526 2170 ducere.
1540 2107 1580 2171 ,ἴ

270 2199 354 2266 Item,
366 2201 509 2253 homicide
521 2204 550 2253 et
561 2202 685 2253 adulteri
699 2201 785 2253 aliter
794 2202 929 2267 jacebunt
940 2214 1026 2266 super
1037 2201 1146 2252 terram
1159 2213 1243 2264 quam
1256 2199 1315 2253 alii.

272 2281 355 2340 Item,
368 2296 425 2334 non
437 2284 543 2335 debent
554 2285 690 2336 retiutare
703 2283 883 2336 elemosinas.

274 2364 357 2423 Item,
370 2365 484 2417 durabit
495 2367 661 2417 fraternitas
673 2367 704 2417 33
717 2367 818 2418 diebus
832 2382 896 2419 cum
909 2367 1035 2418 dimidio.

275 2446 357 2510 Item,
370 2449 599 2513 transgressores
610 2451 766 2513 punientur
776 2464 830 2514 per
840 2450 1003 2516 magistros.

272 2528 354 2590 Item,
373 2530 402 2580 in
421 2530 467 2582 die
485 2530 644 2582 Parraceve
663 2531 848 2597 flagellabunt
864 2545 895 2583 se
912 2534 957 2585 ter
969 2533 1004 2584 de
1017 2532 1063 2584 die
1076 2533 1106 2584 et
1120 2530 1208 2584 semel
1222 2531 1257 2584 de
1270 2532 1364 2593 nocte,
1383 2516 1511 2595 φιβ’

242 2611 290 2664 diu
301 2612 437 2665 vixerint.

504 2747 656 2799 natusne
674 2747 858 2800 Bibliotheek
876 2750 904 2800 te
922 2748 1025 2812 runs,
1043 2747 1096 2799 ns.
1114 2749 1151 2798 e.
1170 2745 1235 2798 asae
1252 2747 1368 2811 (amun
1384 2720 1524 2811 fond*

538 2828 651 2890 coum,
682 2829 738 2880 ns.
772 2839 803 2880 nr
834 2829 930 2893 ecoe),
960 2829 1104 2882 mansne
1131 2829 1324 2897 vooruetung
1350 2842 1406 2881 van
1436 2802 1532 2870 <1⁶

538 2909 691 2979 Chront'que
714 2912 761 2963 des
791 2914 847 2965 rota
875 2912 910 2965 dc
939 2913 1046 2965 &once
1072 2926 1128 2979 por
1149 2913 1224 2978 frere
1248 2910 1413 2966 Guilloumc
1436 2880 1537 2956 Ab

535 2991 653 3060 Nonqia,
672 2993 722 3044 iol.
742 2994 828 3045 56-57.
842 3021 875 3033 -
886 2993 1011 3047 Behalve
1029 2995 1064 3046 de
1081 2995 1237 3047 woorden:
1258 3013 1271 3036 ι
1284 2995 1318 3046 ut
1329 2972 1550 3083 approb9⁴2

539 3077 620 3127 retur
637 3090 736 3128 eorum
753 3078 843 3127 status
856 3100 869 3123 n
887 3091 923 3129 eu
940 3075 1060 3129 behalve
1076 3076 1127 3128 het
1146 3076 1234 3140 vijtde
1251 3074 1367 3132 antikeh
1390 3066 1556 3163 1011ξῦ

541 3158 576 3210 de
587 3160 647 3210 rest
659 3172 712 3209 van
731 3158 773 3209 dit
790 3158 856 3210 stuk
874 3173 944 3210 voor
960 3160 990 3210 in
1008 3159 1058 3211 het
1068 3157 1227 3225 vollediger
1243 3157 1417 3225 reglement,
1428 3146 1516 3209 ιι)

539 3239 680 3292 hetzeltde
701 3240 757 3292 Hs.
769 3255 884 3292 -naar
904 3242 959 3294 den
979 3242 1057 3293 tekst
1076 3254 1131 3293 van
1151 3241 1278 3306 Kervyn,
1296 3239 1421 3294 ffototn
1436 3203 1567 3318 βξ

535 3321 662 3374 Flondre
674 3324 732 3386 (1⁸te
750 3324 834 3390 uitg.)
852 3323 915 3376 deel
932 3323 984 3381 111,
997 3323 1051 3375 bln.
1063 3323 1185 3385 354-355,
1198 3324 1268 3375 noot
1280 3323 1293 3373 1
1305 3350 1340 3363 -
1351 3310 1523 3389 ονθτςθ

540 3419 642 3457 nomen
668 3406 698 3457 In
725 3407 828 3473 Corpus
852 3406 889 3465 11,
913 3405 966 3457 bla.
992 3405 1107 3458 111-112.
1131 3407 1180 3458 Zie
1202 3405 1302 3458 echter
1324 3419 1379 3459 een
1402 3363 1572 3470 par,t

539 3488 694 3539 correcties
715 3502 751 3552 op
774 3490 840 3540 dien
862 3489 939 3540 tekst
959 3490 1048 3541 onder
1068 3489 1103 3541 de
1122 3487 1334 3556 Verdetets'nqen
1350 3503 1386 3541 en
1402 3457 1578 3541 carl!

538 3568 684 3637 vullinyen
696 3571 725 3622 in
739 3572 841 3638 Corpus
853 3570 906 3623 111.

741 3824 793 3893 16
818 3818 978 3912 (194111).

307 4041 412 4114 1349,
435 4054 479 4122 op
492 4039 565 4105 cele
572 4039 753 4124 planiaco.
774 4041 951 4106 Uittreksel
969 4046 1017 4107 uit
1033 4045 1072 4107 de
1084 4044 1391 4108 Franschevoortze
1415 4015 1582 4114 ms

249 4153 316 4199 van
334 4137 373 4198 de
393 4133 591 4220 Chronique
608 4137 669 4203 dee
694 4136 769 4203 rou
787 4136 830 4203 de
849 4138 991 4206 France
1006 4161 1069 4205 vau
1086 4144 1266 4207 Guillaume
1285 4144 1325 4205 de
1350 4114 1559 4222 Nangisb

251 4251 332 4298 over
360 4235 400 4296 de
430 4236 605 4315 gebruiken
636 4256 676 4300 en
705 4238 1002 4318 bijgeloovigheden
1027 4243 1083 4304 der
1112 4244 1308 4305 Geeselaars.
1334 4275 1378 4288 -
1403 4243 1476 4306 Niet

252 4333 358 4396 alleen
374 4331 497 4397 hebben
508 4336 547 4414 zij
562 4336 691 4414 taln'jke
708 4337 913 4418 zonderlinge
929 4340 1117 4419 gebruiken‚
1137 4358 1229 4403 maan
1248 4341 1287 4419 aij
1307 4341 1478 4404 beweeren

252 4429 320 4496 ook
336 4429 432 4495 mirei
512 4435 517 4440 '
555 4431 688 4497 ''unuen
700 4436 881 4501 verriohteu
896 4456 936 4501 en
949 4441 988 4502 de
999 4438 1112 4502 zieken
1128 4457 1191 4502 van
1203 4441 1327 4503 allerlei
1343 4439 1478 4505 kwalen

254 4526 332 4595 tot*
773 4534 856 4602 door
868 4538 962 4602 velen
981 4537 1093 4603 valach
1108 4538 1274 4605 bevondeu
1288 4539 1395 4605 werd.
