3164 5386
544 532 647 584 ANNO
667 531 811 583 lert-1328
1259 535 1286 583 ll

87 693 177 756 Item,
196 694 271 758 quod
288 695 318 745 in
337 694 414 745 omni
432 694 517 752 malo,
536 695 594 745 tam
612 693 695 760 culpe
713 708 796 759 quam
815 708 898 759 pene,
916 696 1116 749 manifestatur
1133 698 1162 749 et
1178 696 1289 750 relucet

57 777 207 842 equaliter
217 777 312 845 gloria
323 779 386 830 Dei.

89 860 179 920 Item,
200 861 275 925 quod
295 861 459 926 vituperans
481 875 660 926 quemquam,
682 863 743 926 ipso
768 864 885 927 peccato
908 864 1042 928 vituperii
1066 863 1162 915 laudat
1186 866 1285 928 Deum,

58 945 87 996 et
99 946 209 1008 quanto
220 943 286 1010 plus
297 945 440 1008 vituperat
452 945 481 996 et
500 945 616 1011 gravius
630 947 739 1009 peceat,
751 946 831 996 tanto
844 945 965 1010 amplius
978 947 1068 997 Deum
1080 946 1185 998 laudat.

90 1025 177 1092 Item,
190 1026 265 1091 qnod
274 1026 359 1077 bomo
371 1024 596 1091 blasphemando
610 1029 701 1079 Deum
711 1028 806 1091 ipsum
819 1027 925 1079 laudat.

91 1108 177 1167 Item,
197 1109 272 1173 quod
292 1111 393 1174 petens
413 1123 430 1162 a
450 1110 510 1162 Deo
531 1109 586 1160 hoo
603 1113 652 1161 aut
673 1110 739 1172 hoc,
757 1109 862 1161 malum
887 1112 960 1175 petit
979 1114 1008 1162 et
1024 1111 1110 1174 male,
1131 1113 1198 1176 quie
1214 1114 1287 1178 petit

60 1189 244 1256 negationem
255 1189 323 1240 boni
335 1192 365 1242 et
376 1191 558 1255 negationem
571 1190 636 1252 Del,
649 1193 679 1242 et
691 1194 754 1243 orat
766 1191 820 1242 sibi
833 1191 922 1243 Deum
934 1193 1044 1258 negari

93 1271 179 1333 Item,
203 1271 278 1335 quod
300 1273 330 1322 in
352 1270 411 1323 illis
433 1272 596 1325 hominibus
619 1273 776 1325 honoretur
797 1274 883 1339 Deus,
908 1276 956 1338 qui
980 1290 1036 1326 non
1059 1276 1211 1328 intendunt
1228 1290 1286 1340 res,

63 1368 117 1408 nec
134 1354 269 1416 honores,
282 1367 335 1407 nec
352 1354 515 1413 utilitatem,
535 1370 587 1406 nee
605 1357 784 1408 devotionem
801 1356 955 1415 internam,
970 1371 1022 1409 nec
1035 1360 1223 1418 sanctitatem,
1237 1375 1289 1412 nee

61 1437 216 1504 premium,
228 1449 281 1488 neo
291 1450 413 1502 regnum
425 1437 561 1498 celorum,
575 1439 625 1490 sed
637 1440 768 1490 omnibus
782 1439 838 1490 biis
850 1441 1094 1492 renuntiaverunt.

94 1520 180 1579 Item,
199 1518 274 1582 quod
291 1517 376 1570 homo
395 1519 499 1572 debeat
515 1520 588 1571 bene
605 1519 775 1578 deliberare,
794 1522 890 1572 utrum
907 1522 968 1585 ipse
986 1521 1056 1573 velit
1073 1537 1089 1574 a
1108 1524 1167 1575 Deo
1181 1524 1289 1588 aliquid

60 1602 204 1667 recipere,
225 1604 298 1668 quia,
319 1603 367 1653 ubi
389 1605 465 1654 esset
484 1602 569 1654 bomo
590 1617 607 1654 a
627 1604 686 1654 Deo
707 1603 815 1667 aliquid
836 1605 987 1668 accipiens,
1006 1605 1046 1656 ibi
1064 1608 1140 1657 esset
1157 1607 1209 1657 sub
1227 1608 1287 1659 Deo

61 1684 109 1738 vel
129 1686 206 1737 intra
223 1699 288 1738 enm
308 1686 382 1736 sicut
401 1699 475 1736 unus
493 1685 615 1736 lamulus
632 1684 675 1736 vel
695 1699 803 1744 servus,
823 1689 852 1737 et
870 1687 945 1737 Deus
968 1690 1044 1738 esset
1064 1689 1137 1739 sicut
1158 1690 1288 1740 dominus

62 1768 94 1820 in
107 1768 218 1833 dando;
231 1769 261 1819 et
272 1767 313 1818 sic
325 1782 381 1818 non
395 1768 531 1819 debemus
544 1781 606 1819 esse
615 1768 645 1819 in
658 1768 717 1818 vita
730 1770 840 1820 eterna.

95 1849 181 1914 Item,
200 1850 274 1914 quod
292 1864 344 1901 nos
362 1851 600 1901 transformamur
618 1849 746 1902 totaliter
763 1852 793 1901 in
811 1851 902 1903 Deum
916 1855 944 1903 et
958 1853 1151 1904 convertimur
1167 1854 1196 1903 in
1210 1867 1288 1917 eum;

62 1931 154 1984 simili
175 1933 269 1992 modo,
294 1933 368 1983 sieut
388 1932 418 1983 in
440 1934 618 1983 sacramento
641 1933 723 1997 panis
747 1934 925 1985 convertitur
948 1936 976 1985 in
1003 1949 1106 2000 corpus
1130 1936 1225 1998 CrIsti,
1249 1937 1291 1986 sie

62 2029 121 2082 ego
138 2017 289 2066 convertor
306 2015 335 2064 in
353 2028 429 2075 eum,
443 2015 510 2078 quia
526 2016 587 2078 ipse
605 2018 740 2079 operatur
758 2029 802 2066 me
819 2030 901 2067 suum
919 2031 982 2068 esse
1001 2032 1098 2075 unum,
1112 2032 1168 2068 non
1187 2018 1290 2077 similo,

62 2100 94 2149 et
106 2098 175 2161 quia
184 2110 237 2162 per
249 2097 389 2149 viventem
402 2097 493 2148 Deum
505 2111 604 2148 verum
616 2099 669 2157 est,
683 2098 758 2161 quod
770 2098 810 2149 ibi
824 2097 902 2149 nulla
914 2102 956 2150 est
970 2100 1125 2150 distinctio.

96 2179 182 2240 Item,
206 2182 281 2244 quod
305 2178 407 2243 aliquis
431 2180 536 2232 dicat:
559 2201 571 2220 ·
585 2179 728 2243 Quidquid
751 2181 828 2232 Deus
851 2183 932 2245 pater
956 2182 1035 2233 dedit
1058 2183 1207 2248 unigenito
1231 2184 1290 2234 filio

61 2277 119 2315 sno
131 2263 161 2313 in
173 2261 297 2314 bumana
308 2263 419 2321 natura,
431 2262 486 2312 boc
498 2265 589 2313 totum
601 2262 686 2313 michi
699 2263 772 2313 siout
783 2263 848 2313 sibi.
863 2287 875 2308 n

98 2344 183 2404 Item,
196 2344 271 2409 quod
289 2344 426 2409 quidquid
443 2344 513 2395 dicit
530 2344 678 2409 Scriptura
689 2358 770 2396 sacra
781 2345 815 2397 de
829 2345 931 2410 cristo,
950 2346 1005 2399 hoo
1022 2349 1112 2400 totum
1129 2349 1292 2400 verificatur

66 2428 157 2481 etiam
171 2428 206 2479 de
218 2426 346 2490 quolibet
356 2426 473 2478 bomine
485 2426 559 2478 bono
572 2430 602 2479 et
612 2428 700 2492 justo.

99 2510 183 2568 Item,
203 2510 279 2574 quod
298 2509 436 2574 quidquid
458 2511 606 2574 proprium
631 2511 675 2562 est
698 2513 799 2562 nature
823 2512 928 2574 divine,
953 2512 1007 2563 boc
1031 2514 1121 2564 totum
1144 2514 1291 2578 proprium

66 2594 115 2646 est
131 2592 239 2644 bomini
257 2592 333 2657 justo
352 2595 382 2644 et
398 2591 509 2653 divin03
527 2594 645 2657 propter
662 2592 716 2643 boc
734 2593 818 2644 bomo
837 2594 891 2646 iste
908 2598 1053 2659 operatur,
1067 2596 1204 2659 quidquid
1215 2596 1293 2647 Deus

66 2676 214 2742 operatur,
239 2676 269 2727 et
290 2675 398 2726 creavit
418 2688 475 2725 una
495 2689 559 2725 eum
580 2675 639 2727 Deo
660 2676 752 2726 colum
774 2678 804 2727 ot
825 2677 940 2738 terram,
961 2679 990 2728 et
1011 2680 1054 2728 est
1075 2679 1188 2743 genitor
1205 2678 1292 2728 Verbi

65 2758 172 2815 eterni,
186 2759 215 2810 et
227 2758 303 2809 Dens
315 2758 377 2808 sine
389 2756 440 2808 tali
452 2756 567 2809 homine
579 2759 703 2810 nesciret
719 2759 872 2822 quidquam
884 2760 988 2810 iacere.

99 2841 185 2903 Item,
209 2840 284 2904 quod
307 2840 399 2891 bonus
427 2838 512 2890 homo
538 2840 623 2891 debet
645 2842 827 2892 conformare
850 2840 1024 2893 voluntatem
1048 2856 1129 2893 suam
1154 2842 1294 2894 voluntati

63 2924 132 2983 Dei,
143 2924 174 2974 ut
186 2923 248 2988 ipse
266 2921 344 2983 velit,
364 2922 500 2986 quidquid
510 2923 586 2974 Deus
603 2923 686 2987 velit3
707 2925 736 2974 et
753 2924 820 2986 quia
837 2924 913 2974 Deus
932 2924 1000 2983 vult,
1021 2924 1117 2988 aliquo
1141 2926 1224 2976 modo
1248 2940 1293 2977 me

63 3018 213 3072 peccasse,
224 3005 289 3056 ideo
307 3003 414 3056 nollem
432 3017 496 3069 ego,
515 3005 590 3068 quod
607 3008 723 3069 peccata
739 3019 796 3056 non
815 3006 1032 3068 commisissem,
1051 3006 1149 3058 etheo
1167 3010 1210 3059 est
1227 3020 1295 3059 vera

64 3087 243 3154 penitentia;
262 3087 303 3137 sic
320 3086 396 3138 enim
413 3085 549 3150 Impletur
566 3087 696 3138 voluntas
714 3088 810 3139 divina
826 3089 856 3139 in
874 3089 961 3153 terra,
980 3088 1034 3139 boo
1051 3091 1104 3151 est,
1122 3089 1152 3140 in
1171 3088 1291 3146 delictis,

64 3171 150 3223 sicud
162 3170 192 3221 in
203 3168 277 3230 celo,
290 3168 345 3220 boc
357 3170 411 3232 est,
424 3169 453 3219 in
466 3169 681 3220 benelaciendo.

98 3253 184 3310 Item,
208 3251 284 3316 quod
307 3251 331 3302 si
354 3250 440 3302 bomo
462 3251 651 3302 commisisset
671 3250 749 3302 mille
770 3254 887 3316 peccata
903 3253 1045 3312 mortalia,
1068 3254 1092 3303 si
1112 3253 1198 3304 bomo
1219 3256 1296 3306 esset

66 3336 124 3389 tali
136 3334 306 3387 necessitate
320 3333 484 3399 dispositus,
498 3347 555 3384 non
568 3334 685 3386 deberet
697 3333 779 3392 velle,
793 3349 823 3386 se
836 3349 871 3386 ea
883 3350 938 3385 non
951 3336 1136 3388 commisisse.

102 3419 190 3476 Item,
203 3417 279 3482 quod
291 3417 368 3468 Deus
381 3430 437 3467 non
449 3417 579 3480 precepit
589 3417 705 3482 proprie
718 3419 811 3467 actum
823 3419 1006 3470 exteriorem.

99 3501 186 3559 Item,
203 3499 279 3564 quod
296 3501 375 3549 actus
394 3498 521 3549 exterior
541 3512 598 3550 uon
616 3500 660 3549 est
678 3499 770 3550 bonus
791 3513 883 3563 neque
904 3501 1025 3559 divinus,
1048 3514 1140 3565 neque
1162 3505 1296 3565 operatur

65 3586 166 3652 ipsum
177 3582 295 3647 proprie
307 3581 395 3632 Deus.

101 3665 189 3727 Item,
204 3664 280 3728 quod
292 3663 369 3715 Deus
381 3665 457 3714 amat
469 3663 587 3722 animas,
601 3678 657 3714 non
670 3678 741 3728 opus
753 3666 844 3715 extra.

102 3748 189 3808 Item,
203 3745 280 3810 quod
290 3746 382 3797 bonus
397 3745 481 3797 bomo
493 3747 538 3797 est
549 3746 714 3812 unigenitus
727 3745 803 3797 lilius
815 3747 879 3798 Dei,

102 3833 188 3887 Item,
210 3827 287 3893 quod
306 3827 390 3879 homo
413 3827 517 3880 nobilis
535 3830 579 3880 est
596 3827 647 3880 ille
664 3830 830 3895 unigenitus
849 3829 924 3881 iilius
943 3831 1005 3891 Dei,
1025 3844 1108 3895 quem
1126 3834 1207 3897 pater
1224 3835 1297 3885 otor·

66 3913 181 3968 naliter
191 3910 301 3978 genuit.

102 3996 190 4056 Item,
203 3994 280 4059 quod
291 4007 390 4047 omnes
402 3996 534 4046 creature
546 3995 613 4045 sunt
624 4009 712 4045 unum
724 4008 827 4059 purum
839 3995 937 4048 nichil,

103 4078 144 4131 Et
163 4079 317 4129 innumera
337 4075 407 4128 talia
426 4077 580 4129 temeraria
598 4079 627 4128 et
646 4077 828 4143 enigmatica,
850 4081 969 4143 propter
989 4081 1132 4145 ypocritas
1153 4082 1301 4146 utriusque

67 4174 160 4215 sexus
180 4158 377 4212 hereticaliter
398 4159 434 4210 ob
458 4161 589 4223 questum
610 4160 736 4210 viventes
758 4162 786 4211 et
808 4160 985 4226 singularem
1006 4165 1092 4214 vitam
1119 4165 1254 4216 ducentes
1275 4165 1304 4216 et

69 4240 254 4296 consimilem
280 4242 347 4299 vite,
377 4242 425 4293 ie.
455 4243 589 4301 fucatam,
619 4242 777 4292 doctrinam
808 4247 970 4309 querentes,
1000 4247 1113 4308 quidam
1143 4247 1303 4311 periculose

70 4326 236 4394 predicant.

105 4407 239 4473 Precipit
257 4407 350 4458 autem
369 4420 443 4470 papa
459 4407 488 4457 in
507 4406 560 4457 bac
577 4409 781 4460 constitutione
800 4409 941 4460 universis
958 4412 988 4461 et
1006 4411 1136 4477 singulis,
1151 4413 1179 4462 in
1199 4414 1304 4464 virtute

71 4493 173 4544 sancte
186 4488 349 4541 obedientie
367 4490 397 4540 et
413 4489 465 4540 sub
477 4503 552 4553 pena
564 4491 876 4550 excommunicationis,
890 4507 974 4555 quam
986 4494 1111 4545 scienter
1128 4495 1304 4545 contrarium

72 4574 215 4628 indentes
232 4572 296 4638 ipro
312 4572 389 4624 lecto
406 4571 557 4625 incurrere
575 4572 645 4633 vult,
665 4586 701 4625 ne
719 4573 821 4638 aliquis
840 4573 908 4627 talia
928 4575 1056 4639 predicet
1075 4576 1118 4628 vel
1139 4577 1238 4629 doceat
1256 4577 1300 4630 vel
