3210 5386
591 537 695 591 ANNO
715 537 777 589 13i9

582 844 636 910 20
663 831 784 924 (19410).

112 1058 262 1142 (1349),
273 1057 430 1122 Brusoel.
442 1056 615 1122 Uittreksel
629 1059 678 1120 uit
691 1059 725 1120 Li
739 1060 851 1122 Muisis
863 1058 1051 1122 bovattende
1064 1076 1142 1122 eene
1156 1061 1292 1122 vermel-

65 1160 147 1239 ding
164 1159 221 1222 der
233 1158 421 1221 Goeselaars
438 1157 562 1221 aldaar.

98 1331 133 1383 In
145 1331 251 1382 ducatu
262 1330 443 1388 Brabontiee‚
455 1330 485 1381 in
498 1329 566 1382 villo
582 1343 653 1394 quae
671 1330 777 1381 dicitur
788 1330 935 1389 Breuem,
949 1333 1032 1383 erant
1046 1332 1103 1383 dux
1117 1333 1290 1385 Brobentiee

65 1414 173 1477 eteius
189 1412 265 1463 iilius
277 1413 492 1478 primogenitus.
506 1411 540 1463 In
551 1411 620 1463 villo
632 1426 687 1476 qua
698 1426 772 1464 unus
787 1412 915 1465 iudaeus
929 1414 1008 1465 divos
1025 1413 1145 1466 multum
1163 1416 1292 1467 moraba·
1356 1475 1359 1481 ¹

63 1499 123 1547 tur.
142 1496 202 1547 Isto
224 1509 241 1546 a
264 1495 349 1559 longo
373 1497 500 1558 tempore
523 1493 760 1560 quamplurimum
781 1495 932 1547 familiaris
956 1496 1051 1548 iuerat
1075 1497 1151 1549 dioto
1176 1498 1291 1549 domino

66 1579 145 1637 duci,
159 1580 189 1628 et
200 1577 257 1628 dux
270 1577 389 1628 multum
400 1590 465 1628 eum
483 1576 622 1644 diligebat
637 1579 667 1629 et
683 1578 718 1629 de
736 1592 770 1630 eo
788 1579 1036 1643 confidebat.1pse
1053 1581 1148 1631 autem
1166 1579 1294 1632 iudaeus

65 1661 134 1712 noto
154 1661 211 1711 tuit
229 1660 399 1724 baptizatus;
420 1659 576 1724 vidensque
599 1662 673 1724 quod
696 1661 724 1711 in
748 1661 825 1712 dioto
847 1660 915 1712 villa
938 1661 1067 1713 homines
1087 1663 1292 1726 poenitentiam

65 1747 189 1811 egentes
212 1747 241 1795 et
263 1756 360 1795 cruces
383 1743 487 1796 rubeas
510 1745 657 1809 portantes
681 1743 831 1794 veniebant
858 1746 888 1794 et
916 1744 1101 1808 apparebant,
1130 1748 1160 1796 et
1186 1745 1293 1796 ibidem

64 1827 275 1894 poenitentiam
297 1825 450 1884 iaciebant,
473 1827 552 1878 venit
574 1825 610 1877 ed
633 1825 732 1878 ducem
752 1829 782 1877 et
801 1826 874 1877 dixit
893 1826 940 1877 ei:
965 1825 1015 1877 “O
1036 1828 1160 1888 domine,
1181 1842 1216 1880 ex
1237 1840 1293 1891 quo

64 1911 211 1977 apparent
240 1908 369 1960 homines
397 1908 467 1960 tolio
493 1909 647 1960 iacientes?
674 1906 789 1959 certum
812 1910 865 1968 est,
890 1908 964 1971 quod
993 1922 1047 1976 ego
1076 1912 1106 1962 et
1129 1911 1188 1962 tota
1215 1914 1293 1963 secta

63 1994 81 2046 J
85 1994 258 2054 umorum,
271 1991 439 2054 ubicumque
451 1992 586 2056 poterunt
597 1989 731 2052 inveniri,
744 1991 933 2043 destruemur.
949 2015 961 2037 η

332 2121 471 2178 Chronica
497 2122 607 2190 AEqidii
631 2123 666 2175 Li
689 2123 800 2184 Muioio,
825 2125 896 2190 uitg.
928 2125 999 2175 door
1025 2124 1052 2176 J.
1080 2125 1108 2178 J.
1136 2125 1178 2177 Do
1207 2125 1293 2185 Smet,

366 2204 471 2275 eorpus
489 2205 685 2259 chronicorum
706 2204 871 2267 flandriae,
892 2205 955 2258 deel
977 2207 1015 2268 Η,
1038 2207 1090 2258 blz.
1115 2207 1174 2259 343.
1198 2234 1231 2246 -
1251 2208 1294 2260 De

363 2302 446 2342 ποοῦ
463 2303 517 2340 ven
533 2289 588 2340 den
607 2287 812 2341 Brusselsehen
828 2290 897 2354 jood
914 2303 971 2340 was
989 2288 1141 2342 volkomen
1153 2291 1294 2357 gemui,

364 2374 434 2424 door
450 2371 489 2436 hu
509 2372 650 2438 weinigen
664 2371 715 2436 tijd
727 2372 831 2423 nadien
843 2370 938 2423 metui
954 2373 1025 2435 zijne
1038 2371 1293 2438 gelooisgenooton

367 2455 438 2505 door
449 2454 499 2506 het
512 2453 679 2507 Brusselsoh
692 2453 832 2520 gepeupel
844 2454 922 2506 werd
935 2455 1095 2506 vermoord.

581 2694 632 2761 21
662 2685 812 2799 (1941114

121 2914 227 2983 1349,
262 2907 459 2993 Valenoijn.
480 2909 655 2973 Uiiireksel
673 2911 721 2972 uit
745 2909 785 2971 do
810 2903 926 2973 Recito
942 2905 1028 2971 d’un
1046 2904 1231 2992 bourqeoio
1247 2905 1290 2972 de

70 3006 332 3074 Valenciennes
358 3003 449 3094 (14(ιθ
474 3003 579 3092 eouw)
604 3025 680 3072 over
706 3009 744 3069 do
769 3007 1007 3085 aanwezigheid
1034 3006 1090 3069 der
1106 3008 1290 3070 Geosolaars

63 3109 193 3182 aldam,
216 3124 292 3171 over
304 3108 413 3170 hunno
424 3106 573 3187 kloeding
590 3125 630 3169 en
642 3108 766 3170 monier
777 3124 839 3169 van
855 3106 1041 3169 boetodoen.
1062 3138 1103 3152 -
1120 3109 1163 3168 Er
1179 3123 1291 3169 waren

64 3226 103 3271 er
135 3209 205 3270 300
235 3208 284 3270 uit
312 3206 502 3282 Dordreoht,
537 3209 606 3270 300
635 3208 681 3268 uit
705 3209 799 3280 Geni,
832 3207 901 3268 250
931 3205 1051 3267 ridders
1077 3206 1123 3267 uit
1151 3208 1289 3284 Brugge,

66 3308 113 3370 80
130 3305 337 3385 goestelijken
362 3306 411 3368 uit
435 3305 552 3380 conde,
571 3322 611 3367 en
631 3307 713 3380 140,
734 3305 857 3369 zoowol
874 3304 1008 3382 burgors
1024 3304 1073 3365 als
1092 3303 1226 3378 ridders‚
1245 3305 1293 3366 uit

67 3404 188 3482 Nijvel.

101 3559 147 3612 En
164 3559 219 3610 l'an
239 3557 302 3609 1349
318 3559 416 3610 iurent
432 3556 474 3611 leo
491 3558 680 3623 penanohiers
697 3572 732 3611 en
750 3561 834 3624 grani
846 3560 974 3617 nombre,
993 3557 1135 3622 desquels,
1152 3570 1225 3621 pour
1236 3569 1292 3607 une

64 3643 198 3708 journee
222 3657 251 3694 se
273 3644 439 3694 trouverent
459 3655 494 3693 en
512 3640 625 3693 lovilio
643 3642 678 3694 do
695 3640 921 3694 Valenohiennes
942 3643 978 3694 de
997 3641 1107 3693 bonnes
1124 3653 1195 3706 gens
1212 3639 1247 3690 de
1264 3637 1293 3689 la

65 3723 136 3777 ville
150 3725 185 3776 de
198 3725 348 3777 Dourdrex
365 3724 393 3776 le
412 3723 530 3775 nombre
547 3723 582 3776 do
601 3724 671 3776 trois
685 3738 763 3789 oens,
775 3726 805 3776 et
817 3724 852 3777 de
864 3723 893 3776 le
903 3723 971 3777 ville
983 3724 1018 3776 de
1030 3723 1109 3775 Genti
1126 3720 1293 3774 semblable·

64 3809 150 3859 ment
162 3807 233 3858 trois
244 3820 321 3868 cene,
340 3810 369 3858 et
386 3806 421 3857 de
438 3805 467 3856 le
483 3805 550 3856 ville
569 3806 603 3857 de
621 3806 733 3872 Bruges
750 3806 825 3858 deux
842 3807 908 3858 cent
919 3809 948 3858 et
959 3807 1113 3870 cinquente
1125 3803 1291 3859 chevaliers,

63 3895 95 3943 et
118 3890 153 3941 de
174 3887 271 3941 Conde
291 3888 467 3953 quatre-vius
484 3888 607 3952 clercqs3
629 3891 658 3940 et
678 3889 714 3940 de
733 3887 762 3939 la
780 3887 846 3940 ville
864 3889 899 3941 de
917 3887 1048 3954 Nyvielle
1060 3886 1225 3953 sept-vingt,
1239 3898 1293 3949 que

61 3972 206 4037 bourgois
224 3985 278 4036 que
298 3970 466 4023 chevaliers.
489 3971 525 4022 Et
544 3984 575 4022 oe
595 3971 723 4023 batoient
742 3970 844 4037 yoeulx
865 3970 1052 4035 penenohiers
1070 3985 1102 4035 sy
1119 3970 1178 4019 tort
1194 3967 1292 4018 d’unes

63 4054 215 4119 osoorgies
235 4055 253 4105 i
271 4055 404 4105 bouttons
425 4053 460 4104 de
481 4054 553 4111 cuir,
572 4056 601 4105 et
618 4068 654 4105 en
671 4052 773 4120 yoeulx
791 4054 925 4105 bouttons
943 4067 960 4119 y
979 4053 1055 4104 evoii
1070 4049 1237 4117 pointillons
1257 4049 1292 4100 de

61 4140 114 4191 ier
131 4136 203 4186 dont
219 4135 254 4186 ils
272 4148 303 4187 se
320 4135 473 4186 sainioient
491 4149 523 4200 sy
540 4137 608 4199 tort,
626 4150 681 4200 que
698 4135 725 4188 le
743 4149 815 4203 sang
834 4134 898 4188 leur
915 4135 1133 4199 couloitparmy
1146 4131 1187 4184 les
1199 4133 1292 4194 rainu

62 4223 96 4272 et
121 4217 237 4270 evoient
259 4218 362 4269 entour
384 4216 451 4269 eulx
474 4218 601 4269 corroieo
624 4219 659 4271 de
682 4219 767 4280 ouirs,
791 4217 978 4285 blanquaigeo
996 4217 1083 4282 royes
1106 4217 1135 4267 et
1153 4215 1244 4277 rides3
1265 4215 1296 4265 et

61 4302 109 4355 les
132 4313 243 4352 aucuns
262 4298 304 4352 leo
324 4301 439 4353 ovoient
460 4301 525 4352 tous
545 4313 666 4366 genuen
688 4302 718 4354 et
735 4301 882 4367 portoient
902 4299 999 4352 blonos
1019 4311 1159 4364 oopprons
1179 4298 1197 4349 i
1213 4296 1293 4348 croix

61 4381 245 4438 vermeilles.

333 4498 425 4553 Recio
447 4497 514 4552 d’un
534 4498 681 4567 bourqooio
700 4497 735 4551 de
765 4498 969 4559 Valencienneo.
990 4498 1062 4565 uitg.
1085 4498 1156 4548 door
1176 4495 1292 4559 Kervyn

369 4582 404 4634 de
416 4581 591 4634 Lettenhove
603 4581 729 4646 (Leuven
742 4580 827 4648 1877),
840 4581 895 4633 bio.
908 4580 995 4632 50-51.
