3210 5386
280 503 326 553 132
792 499 895 554 ANNO
913 499 976 551 1483

276 667 306 718 in
324 667 444 717 Domino
462 678 566 730 vosque
583 678 739 723 monemus,
758 666 896 728 quetenus
913 664 1054 729 preletnm
1072 665 1194 716 edietum
1211 665 1363 724 revocetis,
1379 665 1487 716 divinis·
1592 700 1597 705 -

276 763 332 813 que
354 749 455 801 officiis
478 762 528 799 seu
549 747 794 812 predieeeionibus
816 747 1009 812 predictorum
1028 748 1149 798 fratrum
1172 747 1312 799 interesse
1336 746 1486 798 volentibus
1598 805 1605 810 ,

276 829 397 882 liberum
417 831 577 882 concedatis
598 843 750 888 aceessum,
771 832 801 881 et
820 829 1039 881 elemosinerum
1056 830 1104 893 pie
1122 829 1248 881 subsidia
1271 829 1485 885 conterentibus.

276 913 377 978 quibus
389 914 551 965 misericors
563 913 639 963 Deus
651 925 741 978 regne
751 910 868 964 eeleetie
878 910 1028 976 polieetur.
1042 910 1164 962 humane
1174 911 1284 963 durieie
1295 924 1353 964 non
1364 912 1481 963 mistel.
1583 960 1599 969 ,

276 996 428 1060 Speremus
439 1010 488 1047 ves
500 996 604 1046 nostris
621 995 836 1053 municionibus,
850 994 952 1058 quibus
968 997 1091 1045 restrem
1107 994 1227 1046 selutem
1245 995 1386 1059 optemus,
1399 993 1483 1045 taliter
1587 1001 1598 1008 “

274 1079 400 1130 lecturos
412 1078 490 1137 setis,
504 1078 578 1142 quod
591 1090 646 1128 non
659 1077 791 1141 expediet
802 1077 911 1128 meiere
921 1077 1048 1128 remedie
1059 1077 1204 1128 exhibere.
1587 1122 1596 1155 3

307 1160 410 1212 Delum
422 1159 524 1219 Rome,
536 1160 582 1212 die
594 1172 661 1211 xvrn
673 1158 821 1211 Februarii
834 1158 906 1218 1483,
920 1173 993 1211 enno
1006 1171 1053 1210 xn.
1587 1201 1604 1231 ῃ,-

533 1291 650 1344 Geheirn
667 1291 776 1343 erehiel
788 1303 841 1342 ven
854 1289 1047 1342 hetVetieeen
1064 1291 1093 1343 te
1104 1289 1204 1350 Rome,
1220 1290 1346 1344 Minutas
1358 1289 1478 1346 brevium.
1578 1276 1595 1318 ’Χ

566 1375 586 1424 t.
599 1374 622 1432 Ι,
636 1383 665 1425 nr
676 1373 717 1425 79.

786 1613 840 1678 ee
867 1604 978 1696 (372⁵).

326 1835 429 1905 1483,
449 1828 573 1894 Maert
596 1835 625 1905 1,
647 1824 818 1892 Dooruik.
844 1827 1093 1890 Overeenkomst
1109 1828 1252 1906 gesloten
1269 1826 1421 1889 tussehen
1436 1826 1518 1887 hes>

272 1930 407 2008 kapittel
425 1946 464 1991 en
482 1929 520 1991 de
545 1927 818 1991 Minderbreeders
842 1944 904 1990 ven
923 1926 1079 2002 Deornik‚
1100 1925 1285 2004 eengaende
1301 1924 1357 1986 het
1373 1914 1532 1988 verbod

273 2045 338 2107 neg
357 2031 386 2090 te
403 2028 569 2107 prediken‚
586 2044 648 2089 ean
660 2026 698 2088 de
711 2027 848 2089 leatslen
861 2026 1014 2104 epgelegd
1027 2028 1077 2088 ier
1090 2025 1227 2088 oorzake
1240 2024 1297 2086 der
1308 2023 1544 2086 kettersehe

273 2126 412 2206 preeken
440 2143 503 2188 ven
528 2125 661 2189 broeder
685 2126 788 2188 Jehen
813 2125 936 2203 Angeli.
952 2157 993 2170 -
1016 2128 1061 2186 De
1087 2123 1362 2186 Minderbroeders
1386 2121 1556 2185 zulleal

274 2243 315 2304 ep
328 2227 435 2289 nieuw
450 2241 566 2304 ningen
583 2224 747 2303 prediken.
764 2224 806 2301 Zij
821 2223 995 2297 erizonem,
1011 2223 1067 2286 dat
1079 2223 1118 2286 de
1130 2221 1267 2301 preekeu
1280 2238 1344 2283 ven
1357 2216 1564 2285 proedo-3

274 2325 388 2403 Angeli
403 2323 565 2386 letterseli
581 2340 691 2385 waren
715 2340 755 2385 en
779 2324 896 2398 zellen,
916 2339 976 2385 zoe
992 2322 1030 2400 zij
1049 2321 1088 2384 de
1104 2321 1190 2384 hend
1206 2337 1248 2398 op
1268 2320 1343 2382 hem
1359 2317 1574 2383 kunnerffl

272 2425 397 2503 leggen,
407 2441 444 2485 ze
455 2423 536 2486 doen
549 2423 736 2500 herroepen.
747 2423 808 2484 Hel
820 2423 948 2500 beroep,
963 2421 1018 2483 det
1029 2421 1068 2498 zij
1083 2420 1123 2499 bij
1138 2421 1177 2484 de
1190 2419 1414 2498 Hoogeseheol
1427 2414 1579 2482 νύ

273 2523 376 2601 Pariis
393 2522 560 2601 ingediend
577 2521 714 2596 haddon,
734 2522 839 2583 zullen
855 2521 893 2598 zij
912 2521 1118 2598 vernietigen.

304 2679 381 2730 Pour
399 2678 541 2745 eppeisier
558 2692 610 2743 par
626 2691 697 2742 voye
717 2675 837 2728 emieble
855 2675 882 2727 le
900 2676 1032 2726 different
1048 2675 1096 2738 qui
1115 2675 1159 2726 est
1175 2674 1256 2726 entre
1276 2673 1431 2725 meseieurs
1447 2673 1524 2724 let
1537 2667 1587 2707 ΞΖ

271 2762 363 2827 doyen
375 2762 404 2814 et
414 2762 542 2827 ehepilre
555 2762 589 2812 de
601 2759 711 2826 l’eglise
723 2760 758 2811 de
770 2759 913 2823 Tourney,
931 2757 1014 2809 d’une
1030 2759 1105 2822 pert,
1122 2758 1151 2808 et
1167 2756 1209 2809 les
1225 2756 1352 2820 custode,
1370 2756 1560 2822 gererent
1572 2749 1587 2787 ¹¹

269 2845 299 2898 et
309 2847 430 2896 eouvent
446 2845 495 2896 des
513 2843 673 2896 cordeliers
686 2843 720 2894 de
732 2845 808 2894 ueste
820 2842 887 2904 cite,
899 2839 1017 2892 d‘eultre
1034 2841 1107 2905 pert,
1121 2841 1150 2892 et
1164 2841 1282 2904 reperer
1299 2838 1522 2891 eucunemenr
1541 2820 1588 2875 ll

270 2925 313 2978 les
323 2927 513 2991 propositione
531 2924 729 2978 seendeleusee
745 2924 908 2989 presehiees
920 2937 971 2988 per
982 2937 1041 2989 ung
1053 2925 1164 2974 nomme
1175 2923 1251 2974 uere
1262 2921 1356 2973 dehen
1368 2920 1490 2988 engere
1514 2917 1587 2958 θ

269 3006 419 3068 eordelier.
433 3022 468 3058 ou
487 3008 619 3059 (leresme
635 3007 792 3065 derrenier‚
805 3021 840 3059 en
853 3006 1004 3070 pluisieurs
1022 3018 1151 3056 sermons
1167 3017 1219 3069 per
1236 3004 1284 3069 luy
1296 3003 1361 3062 leis,
1374 3004 1437 3055 ient
1451 2998 1584 3055 eidl

269 3089 356 3142 ledite
376 3089 466 3156 eglise
487 3090 521 3141 de
541 3089 673 3154 Tourney
691 3103 799 3141 somme
819 3090 849 3140 es
866 3088 970 3154 eglises
988 3088 1023 3139 de
1040 3087 1195 3139 SaintPiet
1211 3089 1241 3138 et
1261 3085 1518 3147 SeintQuentin,
1544 3085 1583 3124 Δ·

272 3173 367 3225 edrise
379 3173 422 3223 est
434 3185 488 3236 que
500 3185 535 3223 en
550 3185 609 3238 ung
626 3185 738 3223 sermon
755 3169 892 3223 solemnel
903 3184 956 3234 per
967 3183 1025 3235 ung
1038 3170 1155 3222 doeteur
1173 3167 1314 3221 cordelier
1325 3182 1391 3221 sere
1402 3169 1444 3220 dit
1453 3161 1582 3220 eff

273 3255 321 3318 qui
334 3254 459 3306 sensuit:

305 3382 412 3449 Peuple
433 3384 525 3448 devot,
542 3385 571 3448 je
588 3398 640 3448 suy
657 3385 765 3435 edverti
782 3385 812 3436 et
828 3383 964 3435 intormez
982 3396 1046 3446 que,
1065 3397 1100 3433 ou
1118 3382 1250 3437 Geresme
1267 3382 1384 3436 dernier
1394 3385 1543 3448 persea
1570 3385 1582 3415 ²·

273 3481 331 3532 ung
341 3468 418 3518 lrdre
431 3465 524 3518 Jehen
539 3464 659 3532 Angele,
670 3466 822 3525 cordelier,
834 3466 882 3517 list
893 3464 1034 3530 plusieurs
1050 3478 1178 3516 sermons
1190 3479 1226 3517 en
1237 3465 1314 3516 eeste
1324 3465 1392 3518 cite.
1405 3465 1442 3517 Bt
1452 3453 1586 3517 enss³1

271 3563 378 3602 eueuns
401 3548 520 3602 d'ieeulx
539 3549 560 3600 il
584 3549 639 3600 dist
662 3550 691 3601 et
712 3548 835 3614 presehe
856 3547 1009 3613 pluisieurs
1030 3547 1220 3612 propositione
1244 3548 1274 3599 et
1295 3545 1411 3600 ertieles
1432 3545 1486 3599 mel

271 3633 384 3699 digerez
395 3645 447 3697 par
458 3630 506 3697 luy
519 3633 548 3684 et
559 3646 615 3684 non
626 3631 788 3690 veritebles,
801 3633 831 3683 et
846 3632 927 3682 entre
939 3629 982 3681 les
998 3629 1114 3687 mitres,
1128 3643 1182 3693 que
1192 3628 1235 3681 les
1247 3630 1339 3681 freres
1351 3631 1485 3685 mineurs.
1512 3647 1553 3673 e
1573 3618 1593 3653 ⁴·

270 3716 418 3780 presentez
435 3729 453 3766 e
468 3713 608 3779 levesque
626 3716 655 3766 et
672 3714 771 3777 admis,
784 3715 849 3765 sont
869 3726 988 3778 propres
1007 3724 1089 3764 eurez
1107 3712 1137 3763 et
1152 3710 1259 3763 mieulx
1276 3724 1331 3775 que
1347 3709 1390 3763 les
1407 3726 1486 3763 eures
1520 3693 1600 3748 9

270 3797 454 3862 peroeliieulx
468 3812 474 3847 ι
488 3795 530 3847 s'il
542 3811 560 3848 e
570 3798 613 3848 dit
623 3797 702 3858 einei,
715 3795 735 3846 il
748 3810 766 3847 e
775 3795 831 3847 mel
845 3795 895 3855 dit.
909 3809 957 3846 cer
972 3809 1043 3845 nous
1055 3808 1091 3846 ne
1103 3807 1224 3846 sommes
1241 3793 1322 3859 point
1332 3808 1384 3844 ros
1395 3808 1484 3847 eures.
1539 3803 1576 3822 ‘
1591 3793 1603 3807 ''

269 3879 397 3932 J'entens
414 3893 498 3945 eussy
515 3878 582 3942 qu¹il
598 3892 615 3930 e
633 3879 675 3929 dit
691 3891 745 3941 que
762 3876 844 3929 eeulx
862 3878 910 3941 qui
927 3891 958 3929 ee
975 3878 1040 3929 sont
1056 3878 1200 3930 contessez
1220 3876 1326 3928 eusdits
1345 3876 1486 3944 religieux
1604 3863 1605 3870 ἵ

270 3964 426 4027 presentes,
440 3974 476 4013 ne
488 3961 553 4012 sont
568 3961 649 4025 point
662 3962 743 4011 tenus
756 3960 831 4013 dese
843 3961 989 4012 eontesser
1001 3960 1018 4010 e
1029 3959 1106 4011 leurs
1124 3970 1206 4010 eures
1223 3972 1279 4010 une
1295 3958 1351 4011 lois
1369 3958 1442 4011 l'en:
1459 3960 1487 4025 je

271 4058 340 4096 vous
358 4044 409 4109 dys
426 4058 481 4108 que
498 4043 519 4096 il
536 4057 572 4096 ne
590 4042 684 4095 devoit
699 4042 781 4107 point
797 4043 870 4094 einsi
892 4042 964 4100 dire,
989 4042 1060 4093 meis
1081 4041 1164 4093 devez
1181 4040 1261 4092 evoir
1279 4053 1329 4092 vos
1349 4055 1433 4094 euree
1452 4055 1486 4095 en

270 4112 400 4178 honneur
411 4127 441 4178 et
450 4127 612 4187 reverenee‚
625 4123 748 4189 lesquelz
766 4124 881 4176 doivent
897 4124 1060 4189 eognoistre
1077 4122 1170 4174 l’eslet
1182 4122 1216 4174 de
1229 4136 1277 4173 vos
1295 4124 1485 4184 eonseienees,

271 4208 300 4258 et
311 4220 379 4258 vous
397 4205 532 4258 conseille
544 4208 573 4258 et
584 4208 682 4257 exorte
700 4219 754 4269 que
772 4219 841 4255 vous
859 4219 927 4256 vous
945 4205 1090 4256 contessez
1102 4218 1119 4256 e
1130 4203 1196 4256 eulx
1208 4217 1243 4256 eu
1254 4205 1347 4258 moins
1365 4219 1422 4259 une
1432 4207 1487 4258 lois

270 4287 334 4345 l’eu,
348 4303 420 4353 pour
434 4291 513 4339 votre
530 4288 611 4338 salut.
623 4287 659 4337 Et
670 4289 785 4351 quante
799 4301 831 4338 ee
846 4301 900 4350 que
912 4287 932 4336 il
947 4301 963 4337 a
980 4288 1021 4338 dit
1038 4301 1092 4350 que
1109 4286 1208 4338 lesdits
1225 4286 1367 4352 religieux
1385 4291 1488 4353 pereni

271 4368 384 4421 baillier
400 4370 428 4421 le
445 4371 602 4422 sacrement
613 4371 648 4421 de
661 4368 754 4422 l’antel
772 4372 788 4420 e
805 4369 887 4421 eeulx
904 4370 952 4433 qui
968 4383 999 4420 se
1017 4372 1081 4421 sont
1097 4371 1240 4422 eoniessez
1252 4371 1269 4421 e
1280 4369 1358 4434 eulx,
1369 4371 1391 4435 il
1403 4371 1486 4424 smel

271 4452 321 4511 uit.
334 4465 383 4503 eer
394 4451 465 4503 ledit
476 4453 634 4505 seerement
644 4466 713 4502 vous
725 4450 752 4504 le
763 4452 848 4505 devez
863 4453 991 4504 receuoir
1003 4452 1037 4504 de
1050 4466 1099 4503 voe
1109 4465 1202 4517 eures,
1220 4451 1352 4516 eusquelu
1363 4454 1400 4506 de
1412 4454 1486 4507 droit

273 4533 394 4597 neturel‚
413 4534 489 4586 divin
501 4537 530 4587 et
541 4533 664 4593 humeln,
676 4548 744 4585 vous
762 4535 846 4586 dores
863 4535 1058 4601 recognoistre
1075 4535 1152 4588 leurs
1163 4534 1276 4588 lebeurs
1287 4548 1361 4600 pour
1372 4535 1483 4591 l'entre·

1566 3945 1599 3972 ι’
