3210 5386
187 586 233 636 10⁴
672 580 774 634 Anno
793 580 857 631 1460

186 749 216 798 et
227 747 354 808 econtra,
368 746 480 809 quando
494 746 528 797 ab
541 745 637 809 aliquo
649 744 765 797 illorum
779 745 909 809 procedit
922 743 1040 795 alterius
1052 744 1215 807 aocusaci03
1229 742 1419 794 lortitlcantur

187 827 277 879 eciam
295 827 493 879 aocusaciones
511 828 541 878 et
557 827 646 877 rubor
663 828 748 889 atque
766 827 823 875 vim
842 827 957 876 sumunt
975 839 1010 875 cx
1029 824 1120 875 altera
1136 826 1220 889 parte
1238 824 1343 890 copule
1359 837 1417 874 cum

189 910 319 960 omnibus
332 909 445 959 indiciis
458 909 550 971 quoad
562 909 656 959 vestes
668 910 698 959 et
715 921 814 958 omncs
831 907 1063 958 circumstancias
1081 907 1137 957 loci
1155 909 1185 958 et
1202 907 1344 972 temporis
1360 919 1417 971 par·

187 993 263 1043 cium
275 990 387 1055 copule,
400 993 430 1041 et
445 990 594 1055 potissime
612 1003 648 1041 ex
665 989 845 1040 consessione
864 988 982 1039 alterius
1000 990 1090 1052 partis
1107 988 1219 1054 copule.
1233 989 1268 1039 Et
1280 1002 1335 1053 pro
1346 1001 1417 1040 reso·

188 1073 302 1125 lucione
319 1073 348 1123 in
366 1072 420 1123 hac
437 1072 567 1128 materia,
580 1072 605 1122 si
618 1086 716 1122 omnes
729 1073 778 1125 aut
790 1071 888 1135 plures
900 1069 1053 1135 complices
1065 1072 1163 1122 essent
1177 1071 1265 1136 capti,
1278 1071 1417 1123 cessarent

188 1156 244 1219 lpsi
256 1158 286 1206 et
297 1168 395 1205 omnes
408 1155 535 1204 lautores
548 1167 647 1204 eorum
659 1152 776 1216 obloqui
789 1155 819 1204 et
830 1165 997 1218 oppugnare
1010 1153 1170 1205 veritatem.
1185 1153 1242 1205 Ubi
1254 1154 1351 1205 umen
1360 1152 1415 1216 quis

187 1238 237 1287 aut
248 1235 388 1301 replicare
406 1234 528 1286 volucrit
539 1238 640 1286 contra
652 1236 732 1300 prius
750 1235 826 1286 dicta
838 1238 887 1286 aut
899 1234 1026 1301 allegare
1039 1236 1238 1299 quodcumque
1251 1234 1414 1299 exemplum.

188 1318 316 1384 assignet
335 1319 367 1368 ut
386 1319 466 1382 prius
486 1317 591 1367 librum
612 1319 642 1368 et
662 1331 786 1381 passum,
808 1318 837 1369 et
858 1316 971 1369 Christo
992 1318 1064 1369 duce
1085 1317 1200 1368 dabitur
1218 1318 1255 1368 ad
1278 1315 1415 1380 quodlibet

188 1402 389 1466 argumentum
407 1401 456 1450 aut
476 1398 638 1463 exemplum
659 1397 782 1462 speciale
802 1412 981 1463 responsum,
1000 1400 1041 1450 ita
1058 1400 1090 1450 ut
1107 1400 1200 1449 omnis
1218 1399 1306 1450 homo
1323 1398 1413 1450 merito

188 1482 291 1533 debeat
299 1481 470 1532 contentari.
481 1480 518 1531 Et
530 1480 856 1543 advorte,1ect0r,quod.
868 1482 891 1531 si
905 1480 1046 1545 exempla,
1061 1494 1116 1544 que
1125 1482 1245 1546 possent
1256 1479 1374 1547 allegari
1384 1479 1413 1529 de

187 1563 444 1628 transfigureclone
468 1563 620 1614 demonum
645 1577 696 1614 seu
719 1562 895 1627 possibilitas
919 1563 1178 1628 representaciouis
1201 1562 1351 1614 hominum
1370 1574 1412 1626 per

189 1646 324 1698 demones
341 1647 370 1696 et
387 1645 605 1710 transfiguracio
622 1645 685 1708 ipsa
701 1644 824 1695 militare
841 1647 959 1708 possent
970 1647 1000 1696 et
1017 1644 1111 1696 locum
1124 1644 1233 1696 habere
1251 1645 1287 1696 ad
1299 1644 1411 1708 cmump·

188 1727 322 1778 niandum
340 1728 390 1778 aut
403 1726 654 1791 [confundendum]
670 1727 869 1776 accusaciones
888 1728 917 1777 in
935 1726 1214 1792 congregacionibus
1226 1726 1410 1780 Valdensium.

187 1810 286 1861 eadem
304 1809 420 1861 racione
437 1810 467 1860 in
484 1807 648 1872 patentibus
666 1808 844 1865 criminibus,
861 1812 893 1859 ut
904 1810 934 1859 in
952 1810 1038 1868 lurto,
1058 1808 1223 1868 homicidio,
1239 1808 1377 1860 adulterio
1388 1811 1412 1858 et

186 1891 291 1944 ceteris
303 1891 451 1942 eiusmodi.
465 1904 518 1954 per
532 1893 620 1942 testes
632 1889 832 1941 malefactores
845 1893 874 1941 ct
894 1890 1047 1955 complices
1069 1905 1124 1941 non
1146 1892 1265 1955 possent
1282 1888 1410 1948 convinci,

187 1973 322 2036 quoniam
343 1972 504 2037 allegarent
520 1971 729 2029 malefactores,
744 1972 819 2035 quod
838 1972 973 2024 demones
990 1974 1073 2025 erant
1088 1972 1151 2023 loco
1164 1973 1304 2037 ipsorum,
1315 1973 1411 2037 quisse

188 2052 309 2117 possunt
317 2051 534 2116 transfigurare,
548 2053 604 2101 cte.

187 2229 214 2283 9.
232 2230 273 2282 De
289 2231 468 2284 revocacione
484 2237 509 2282 et
526 2228 715 2298 abneyacione
733 2231 781 2281 sui
797 2244 879 2282 casus
896 2238 921 2282 et
938 2231 1129 2283 marionis
1146 2226 1271 2282 aliorum
1285 2238 1348 2297 post
1358 2244 1412 2282 oon·

526 2313 676 2380 sessim
688 2319 712 2364 et
724 2310 849 2365 aliorum
861 2314 1080 2365 waradonem.

222 2460 256 2513 In
267 2473 335 2512 vero
348 2459 453 2511 iudicio
466 2461 495 2511 et
508 2460 615 2524 optima
631 2460 749 2524 pratica,
763 2462 922 2525 postquam,
936 2473 1033 2511 coram
1045 2459 1217 2522 inquisitore
1235 2460 1265 2511 et
1280 2458 1416 2510 iudicibus

190 2541 397 2600 assistentibus,
411 2543 476 2599 etc„
491 2541 534 2592 vel
552 2543 721 2600 commissis,
734 2544 764 2595 et
776 2544 888 2594 notario
904 2541 949 2594 vel
962 2542 1091 2601 notariis,
1105 2555 1141 2592 ex
1154 2555 1205 2593 ore
1216 2555 1268 2593 suo
1277 2553 1417 2606 processe·

189 2625 258 2683 rint,
264 2623 370 2687 absque
379 2625 555 2675 immissione
565 2625 594 2675 iu
604 2638 644 2680 os,
652 2623 740 2676 semel
751 2625 892 2675 conlassio
904 2626 948 2676 sui
960 2638 1041 2675 casus
1054 2626 1083 2676 et
1095 2624 1295 2675 aocusaciones
1305 2624 1341 2675 de
1347 2621 1415 2682 aliis,

189 2707 272 2758 extra
288 2707 429 2757 torturam
449 2707 580 2766 maxime,
603 2708 652 2757 aut
671 2706 695 2756 si
716 2707 808 2771 primo
827 2706 856 2757 in
879 2708 992 2758 tortura
1011 2709 1040 2757 et
1060 2707 1160 2770 postea
1179 2707 1263 2757 extra
1281 2706 1415 2756 torturam

189 2790 298 2840 asserta
310 2789 368 2839 sint
379 2801 442 2840 esse
454 2801 531 2845 vere,
544 2788 610 2838 siin
623 2790 688 2839 actu
700 2787 756 2839 alio
769 2789 869 2853 postea
880 2791 910 2839 et
921 2790 950 2839 in
963 2788 1019 2839 alio
1033 2789 1148 2839 distanti
1167 2790 1297 2852 tempore
1315 2785 1416 2838 visitati

187 2871 332 2927 revocent,
352 2871 510 2921 retractent
532 2873 562 2920 et
584 2871 728 2935 denegent
748 2871 778 2921 et
799 2883 896 2921 casum
917 2884 999 2920 suum
1021 2871 1050 2921 et
1069 2870 1269 2921 aocusacioncs
1290 2869 1327 2921 de
1347 2869 1416 2925 aliis,

188 2950 322 3016 indignos
335 2965 365 3002 se
378 2952 502 3002 reddunt
513 2952 612 3016 gracia
620 2954 649 3002 et
660 2952 858 3003 misericordia
869 2951 1001 3014 ecclesie,
1014 2952 1137 3003 maxime
1149 2952 1173 3001 si
1186 2965 1242 3001 non
1256 2951 1377 3003 redeant
1386 2949 1419 3002 sd

188 3046 220 3083 se
231 3033 434 3083 recondtentes
451 3034 564 3098 integre
583 3035 678 3084 omnia
695 3035 725 3084 et
742 3034 834 3097 quoad
850 3048 880 3085 sc
893 3035 969 3085 etde
987 3033 1061 3090 aliis,
1075 3033 1209 3097 quoniam
1221 3035 1251 3084 et
1268 3035 1337 3085 tunc
1348 3033 1418 3084 idem

189 3116 234 3166 est
247 3114 383 3164 iudicium
396 3114 431 3166 de
443 3115 524 3178 ipsis,
537 3116 649 3177 quando
663 3130 718 3166 non
731 3117 853 3168 redeunt
865 3117 900 3167 ad
910 3116 1119 3168 contessionem
1128 3116 1281 3180 integram,
1294 3116 1378 3166 sicuti
1387 3115 1419 3164 de

188 3195 324 3247 hereticis
336 3196 539 3259 pertinacibus,
553 3197 601 3260 qui
614 3197 720 3260 absque
732 3198 929 3249 misericordia
942 3198 1095 3248 traduntur
1111 3198 1224 3248 iusticie
1240 3196 1374 3248 seculari.
1386 3195 1420 3247 Bt

189 3278 214 3327 si
232 3291 288 3327 non
305 3278 434 3335 redeant,
448 3279 602 3342 suppositis
619 3280 783 3330 immediate
801 3281 892 3337 dictis,
907 3283 936 3331 et
952 3281 982 3330 in
999 3279 1054 3329 hoc
1072 3278 1193 3330 articulo
1206 3279 1235 3330 et
1252 3279 1283 3329 in
1301 3278 1420 3330 articulo

188 3359 294 3410 valoris
311 3360 536 3418 aocusacionum,
556 3361 591 3411 de
609 3374 664 3423 quo
682 3364 776 3421 antea,
789 3362 898 3412 iudices
915 3362 1034 3427 propter
1051 3375 1131 3412 suam
1149 3361 1375 3425 denegaciouem
1393 3363 1421 3411 et

188 3442 402 3493 revocacionem
415 3442 519 3492 exinde
532 3456 588 3492 non
600 3443 705 3494 debent
717 3445 835 3501 moveri,
846 3445 913 3506 quia
925 3447 954 3494 et
966 3444 1113 3494 aocusacio
1126 3456 1176 3493 scu
1188 3443 1332 3493 contessio
1345 3443 1380 3494 de
1392 3455 1421 3494 se

187 3524 217 3575 et
234 3524 270 3575 de
288 3523 418 3573 omnibus
436 3522 500 3573 aliis
517 3525 592 3576 lacte
610 3526 810 3577 accusaciones
828 3529 895 3576 sunt
906 3524 1016 3588 equalis
1029 3525 1135 3574 valoris
1152 3524 1181 3575 et
1191 3525 1342 3584 momenti,
1354 3523 1421 3577 acsi

188 3617 302 3669 semper
318 3607 552 3669 perseverassent
568 3606 597 3655 in
615 3608 795 3659 contessione
813 3620 864 3658 sua
882 3608 951 3658 etin
965 3605 1197 3658 aocusacionibus
1215 3606 1250 3657 de
1262 3605 1339 3665 aliis,
1353 3605 1423 3658 alias

188 3687 291 3740 stabile
308 3689 338 3738 et
354 3688 468 3738 tirmum
485 3688 621 3739 iudicium
640 3704 696 3740 non
714 3691 811 3754 posset
824 3689 886 3740 lieri
899 3703 986 3754 super
998 3689 1078 3753 ipsis,
1092 3701 1184 3751 neque
1195 3688 1316 3752 procedi
1327 3688 1426 3753 posset

188 3771 289 3821 contra
300 3770 457 3827 accusatos,
470 3771 500 3821 et
511 3783 609 3821 omnes
621 3784 652 3822 se
663 3773 833 3823 revocarent
849 3772 879 3822 et
896 3769 968 3821 nulli
985 3771 1166 3835 punirentur,
1180 3769 1229 3821 sed
1248 3772 1327 3821 esset
1344 3769 1426 3822 labor

186 3851 307 3910 inutilis,
321 3851 450 3901 infinitus
463 3853 492 3902 ct
504 3865 592 3903 vanus
605 3854 739 3917 occupari
751 3854 828 3904 circa
837 3852 919 3916 tales,
931 3867 995 3903 cum
1008 3853 1066 3903 sint
1074 3852 1104 3903 in
1116 3850 1252 3902 continua
1260 3853 1427 3904 mutacione

188 3933 224 3984 de
236 3932 418 3984 contessione
431 3934 460 3983 in
472 3934 698 3986 revocacionem.

217 4014 300 4072 Item,
313 4028 378 4065 cum
390 4028 420 4065 se
432 4018 576 4074 revocent,
589 4018 746 4068 retractent
758 4019 788 4068 et
799 4018 944 4083 denegent
956 4017 1051 4067 omnia
1064 4016 1093 4066 in
1106 4017 1199 4067 morte
1211 4014 1427 4078 utplurimum,

185 4097 443 4159 quantumcumque
460 4096 534 4149 bene
551 4099 787 4150 administrentur
804 4100 894 4151 eciam
911 4113 964 4162 per
982 4099 1104 4163 optimos
1123 4099 1152 4148 et
1169 4098 1311 4149 discretos
1329 4112 1426 4150 sacer·

185 4179 275 4237 dotes,
289 4180 318 4229 et
330 4177 401 4229 elios
420 4179 576 4231 deonerent
593 4183 623 4232 et
641 4184 780 4232 excusent
796 4181 825 4231 in
844 4180 1012 4243 obsequium
1032 4182 1061 4231 et
1078 4182 1205 4231 levorem
1224 4179 1358 4231 demonis
1368 4180 1427 4231 hoc

186 4261 379 4326 suggerentis,
392 4263 424 4311 ut
435 4261 511 4312 intra
523 4262 660 4327 tangitur,
674 4262 779 4314 iniuste
796 4263 972 4314 morirentur
990 4264 1019 4313 et
1037 4262 1151 4312 iusticia
1162 4260 1282 4312 deberet
1294 4261 1427 4314 differre.

185 4343 251 4397 etc..
265 4354 317 4391 nec
334 4354 386 4404 per
403 4344 549 4393 revocatas
562 4343 761 4393 aocusaciones
773 4343 809 4393 de
822 4341 885 4393 aliis
897 4346 995 4407 posset
1007 4343 1107 4393 contra
1119 4355 1169 4392 eos
1181 4354 1337 4405 processus
1350 4342 1428 4400 fleri,

184 4421 261 4485 quod
282 4421 376 4473 nullus
400 4437 468 4474 sane
491 4425 595 4475 mentis
616 4429 646 4475 et
667 4425 739 4476 recti
763 4425 862 4475 iudicii
883 4424 1001 4474 diceret.
1021 4424 1121 4486 Neque
1142 4424 1238 4487 potest
1260 4422 1330 4482 dici,
1351 4424 1429 4487 quod

183 4503 258 4554 iuste
275 4505 430 4567 puniantur
447 4507 477 4554 et
492 4506 588 4568 puniri
605 4506 726 4569 possint,
739 4520 796 4556 non
815 4506 945 4557 obstante
964 4505 1160 4562 revocacione,
1174 4504 1204 4555 et
1215 4504 1294 4567 quod
1305 4517 1426 4557 accuse·

183 4585 281 4637 eioues
299 4586 334 4637 de
352 4585 413 4636 aliis
430 4600 487 4637 nou
504 4585 627 4648 valeant,
647 4600 739 4650 neque
757 4588 874 4652 procedi
893 4587 985 4652 possit
1004 4588 1104 4638 contm
1124 4584 1205 4644 alios,
1219 4587 1270 4638 eut
1289 4589 1425 4648 econtra,
