3210 5386
552 107 657 161 ANNO
676 108 738 160 1431
1227 108 1257 159 81

59 283 187 356 anonim
205 279 380 358 uitgelegd.
402 281 509 354 Later,
528 280 606 342 toan
622 279 662 341 de
678 282 764 341 secte
789 278 925 341 ontdekt
942 281 1032 342 werd
1052 281 1107 342 ten
1125 281 1260 359 gevolge

59 390 105 438 ran
121 377 156 440 de
176 377 349 456 prediking
372 394 436 439 van
461 394 560 439 eenen
586 377 847 439 minderbroeder
875 395 916 439 en
947 380 1024 440 toan
1049 379 1141 440 velen
1165 379 1263 441 harer

57 473 233 555 amagers
249 474 430 553 geherkerd
447 493 488 536 en
504 474 641 536 enkelcn
666 475 824 537 verbrand
846 475 988 549 werden,
1007 476 1071 538 had
1096 476 1261 539 lohannes

57 566 87 628 de
96 573 200 635 liielliu
212 589 296 635 naar
307 571 516 635 Duitschland
528 572 568 634 de
581 572 660 649 wijk
673 589 830 650 genomen
844 589 897 636 om
910 573 952 650 b'b'
966 573 1006 634 de
1019 574 1188 635 Hussieten
1197 591 1261 635 van

56 665 192 732 1181181181
204 671 288 748 zijue
300 670 466 732 toevlucht
478 672 511 731 te
527 687 653 744 nemen,
668 670 748 733 daar
764 671 846 747 zijne
863 669 990 748 ketterij
1012 673 1077 732 met
1093 671 1133 732 de
1153 672 1261 733 hunne

55 777 198 847 hagenoeg
209 784 348 831 overeen
361 767 483 829 hwam.
500 768 551 844 Hij
570 768 724 846 geraehte
741 769 900 831 uochiaus
916 771 983 830 niet
999 784 1116 831 zoover
1131 786 1262 847 wegens

52 857 85 920 de
109 865 346 944 moeilijkheden
375 866 433 927 der
462 867 537 928 reis.
568 865 824 928 Oudertmschen
854 884 923 928 was
953 866 995 943 hij
1029 867 1262 945 herhaaldelijk

51 954 121 1024 rior
133 964 190 1026 den
207 964 356 1040 bissehop
378 979 442 1024 vau
462 962 608 1026 Doornik
634 981 674 1024 on
691 964 752 1025 den
770 965 959 1041 inquisitcur
975 964 1119 1041 gedaagd
1135 982 1262 1042 gewor-

48 1050 105 1118 deu
118 1077 153 1123 en
168 1061 210 1139 bij
229 1060 359 1123 verstek
375 1062 410 1122 in
422 1060 484 1122 den
497 1061 559 1123 ban
576 1061 739 1137 geslagen.
761 1062 947 1123 Gedurende
965 1077 1122 1139 ongeveer
1139 1063 1264 1139 vijitien

44 1149 221 1224 lareowas
246 1159 290 1235 hij
319 1157 411 1220 aldus
440 1159 474 1219 in
502 1158 585 1234 zijue
613 1158 764 1235 delingen
790 1159 907 1235 blijven
936 1159 1131 1235 volhardeu;
1163 1160 1259 1232 doch,

45 1244 168 1320 berouw
190 1256 395 1336 gevoelende‚
416 1256 534 1317 richtte
559 1254 602 1332 hij
631 1254 702 1317 zich
727 1257 864 1334 oniangs
888 1259 939 1318 tot
964 1257 1024 1316 deu
1050 1275 1131 1334 paus
1155 1273 1208 1320 om
1230 1258 1264 1318 in

40 1354 158 1420 senne
173 1357 357 1432 cunengen
374 1371 414 1414 en
438 1370 499 1415 van
524 1353 586 1414 den
611 1351 812 1431 kerkeliJlren
839 1354 901 1415 ban
925 1355 1094 1432 onisiagen
1119 1358 1151 1416 te
1177 1371 1263 1418 wor-

37 1438 113 1514 den.
131 1454 184 1514 Dit
199 1453 280 1514 alles
297 1452 361 1512 had
384 1451 549 1514 lohannes
570 1450 609 1511 de
635 1451 753 1512 Hiellin
779 1453 812 1512 in
837 1452 900 1529 ziju
923 1452 1176 1515 veraoeksehriit
1201 1469 1262 1514 nan

34 1536 102 1609 den
115 1566 193 1627 paus
210 1547 505 1626 bekendgemaalrt;
526 1548 791 1626 dientengevolge
811 1548 934 1610 beveoit
955 1552 1115 1627 Eugenius
1135 1553 1179 1611 iv
1202 1567 1264 1611 aan

30 1630 205 1709 kardnaai
229 1647 407 1720 lohannes,
426 1646 513 1720 hem,
531 1662 574 1709 na
591 1644 771 1707 onderzoek
793 1663 832 1706 en
852 1647 1053 1723 behooriijke
1073 1647 1261 1725 aizwering‚

27 1730 68 1796 de
92 1745 271 1824 gevraagde
287 1744 445 1807 absolutio
460 1745 511 1807 toe
524 1745 557 1804 te
570 1746 663 1805 staan
676 1760 715 1804 eu
729 1743 768 1804 de
785 1744 1017 1821 gebruihelijke
1034 1744 1267 1823 boetcdocning

25 1845 69 1896 an
95 1842 225 1906 straden
239 1860 281 1920 op
294 1845 327 1904 te
340 1842 469 1920 legger.

51 1986 224 2061 Eugenius,
236 1997 303 2060 ete,
314 1993 418 2047 dilecto
431 1994 492 2045 tilio
504 1993 636 2052 Iohanni,
650 1993 727 2045 tituli
736 1995 827 2045 sancti
841 1995 921 2046 Petri
935 1996 970 2046 ad
982 1995 1095 2047 vincula
1106 1997 1267 2061 presbitero

24 2075 188 2139 Quadi,
201 2075 334 2135 salutem,
349 2077 403 2128 eto.

54 2149 157 2209 Sedes
168 2157 326 2222 apostolica
339 2157 387 2221 pia
397 2158 490 2208 mater
501 2157 717 2208 recurrentibus
735 2156 771 2208 ad
791 2171 854 2208 eam
871 2172 935 2208 cum
953 2157 1114 2210 humilitate
1126 2160 1192 2223 tiliis
1204 2162 1270 2224 post

23 2237 184 2289 ex<heresum
210 2237 335 2290 libenter
358 2250 389 2288 se
409 2237 567 2303 propiciam
591 2236 708 2288 exhibet
735 2239 764 2288 et
789 2238 951 2303 benignam.
970 2239 1106 2290 Exhibita
1128 2241 1267 2303 siquidem

25 2313 120 2370 nobis
143 2333 235 2384 nuper
256 2333 309 2384 pro
327 2321 409 2384 parte
431 2318 568 2371 Iohannis
590 2319 625 2369 dc
646 2318 765 2377 Hiellin,
789 2319 887 2369 clerici
910 2321 1055 2385 coniugati
1079 2321 1269 2372 Tornacensis

28 2388 169 2462 diocesis,
178 2402 286 2465 peticio
299 2399 473 2462 continebat,
487 2401 572 2463 quod,
583 2413 647 2450 cum
660 2399 728 2449 olim
741 2400 862 2463 quedam
875 2403 953 2452 secta
964 2415 1013 2452 seu
1027 2403 1124 2465 opinio
1137 2404 1270 2455 damnata

30 2470 58 2520 ²2
74 2475 208 2532 heretica
219 2482 248 2531 in
260 2479 391 2545 partibus
402 2479 461 2530 illis
478 2480 513 2530 de
526 2494 599 2530 novo
612 2481 714 2531 exorta
724 2480 827 2531 fuisset
838 2482 868 2532 et
879 2481 967 2531 multe
980 2495 1102 2544 persone
1114 2482 1181 2533 huic
1192 2485 1269 2534 secte

33 2562 268 2615 momentanei
279 2562 462 2623 adhererent,
473 2574 618 2626 exponens
631 2562 698 2626 ipse,
707 2562 848 2612 diabolico
858 2563 959 2626 spiritu
972 2565 1116 2629 deeeptus,
1130 2567 1269 2629 prefatam

34 2643 146 2696 *ectum
163 2646 194 2696 81
210 2644 375 2708 opinionem
392 2656 425 2693 ac
443 2643 505 2694 eius
517 2655 642 2700 errores,
655 2642 705 2705 qui
722 2643 805 2693 multi
823 2658 941 2695 numero
963 2648 1045 2696 erant
1062 2647 1091 2697 et
1108 2646 1143 2696 de
1161 2647 1271 2697 directo

34 2724 141 2776 conus
157 2726 242 2776 iidem
254 2724 425 2776 catholicam
437 2726 466 2774 et
478 2724 604 2774 sanctam
621 2726 742 2775 matrem
755 2725 904 2777 ecclesiam
917 2726 1036 2791 eiusque
1048 2729 1226 2779 sacramenta
1243 2730 1272 2778 ct

35 2800 189 2860 11linistros
200 2807 362 2864 veniebant,
376 2807 469 2858 tenuit
479 2807 509 2858 81
521 2805 563 2857 818
575 2805 707 2874 credidit,
719 2806 880 2869 multasque
892 2806 963 2858 alias
974 2821 1111 2872 personas
1123 2810 1271 2872 utriusque

34 2886 127 2940 ⁸exus
143 2891 172 2942 et
185 2902 291 2955 pueros
309 2901 342 2940 ae
353 2889 472 2939 iuvenes
488 2887 519 2937 in
537 2886 699 2938 huiusmodi
716 2888 796 2938 secta
812 2889 841 2939 81
858 2889 1006 2939 erroribus
1023 2891 1160 2941 instruxit
1177 2892 1205 2940 et
1223 2903 1272 2942 eos

35 2955 201 3023 doctrinam
222 2970 386 3021 huiusmodi
404 2969 514 3021 secrete
531 2968 626 3019 tamen
639 2968 745 3030 docuit,
757 2968 862 3020 multos
874 2971 1007 3034 preterea
1018 2969 1106 3022 libros
1118 2972 1148 3022 in
1160 2972 1272 3037 vulgari

34 3035 149 3104 Gallico
161 3052 294 3116 scriptos,
308 3065 379 3114 quos
391 3063 488 3102 seeum
500 3048 623 3101 habebat
632 3051 662 3102 et
672 3050 703 3100 in
715 3049 818 3113 quihus
829 3052 941 3116 prefate
953 3052 1070 3104 hereses
1082 3054 1112 3103 et
1123 3055 1273 3117 opiniones

36 3129 272 3194 contuebantur,
299 3133 468 3195 frequenter
490 3129 613 3196 legebat
641 3132 671 3182 et
694 3130 758 3195 aliJ's
781 3132 913 3183 dedicta
936 3134 1014 3184 secta
1035 3135 1161 3198 prefatos
1184 3134 1273 3184 libros

35 3209 210 3266 eoinodabat
221 3216 252 3265 et
263 3212 433 3277 exponebat,
448 3213 477 3264 et
489 3212 586 3277 dubia,
599 3225 654 3276 que
666 3211 817 3274 habebant,
831 3213 861 3264 in
879 3215 986 3266 eisdem
1003 3213 1086 3266 libris
1104 3217 1272 3280 interpreta-

36 3276 140 3359 batun
161 3296 294 3359 quodque
311 3294 503 3360 postmodum,
521 3307 586 3344 cum
608 3307 644 3345 ex
661 3294 861 3358 predicacione
878 3297 1025 3348 cuiusdam
1037 3298 1146 3358 ‚iratris
1164 3298 1273 3348 ordinis

39 3358 163 3426 imaum
176 3376 329 3434 minorum,
342 3375 391 3437 qui
403 3375 505 3425 contra
516 3376 647 3426 tenentes
656 3373 743 3426 talem
761 3377 867 3427 sectam
885 3380 914 3428 et
923 3377 1087 3442 opinionem
1098 3378 1273 3443 predicabat,

42 3453 125 3506 recta
134 3457 193 3521 ipsa
204 3456 317 3507 detecta
329 3457 358 3507 et
371 3456 553 3508 maniiestata
563 3455 718 3520 pluresque
729 3455 808 3508 illius
819 3457 983 3523 complices,
993 3472 1131 3522 sequaces
1148 3461 1177 3510 81
1189 3459 1274 3509 adhe-

45 3533 142 3588 rentes
156 3537 320 3589 carceribus
332 3538 485 3602 mancipati
504 3538 534 3588 et
551 3551 651 3589 eorum
667 3537 757 3601 aliqui
774 3539 850 3604 ignis
868 3540 1001 3592 incendio
1019 3543 1193 3593 concremati
1205 3542 1274 3590 iuis-

51 3617 123 3675 seut,
134 3619 222 3670 dietus
240 3630 397 3683 exponens,
410 3618 514 3670 timens
526 3619 580 3669 sibi
600 3620 753 3683 propterea
770 3621 871 3671 mortis
890 3621 1048 3685 perieulum
1066 3624 1225 3684 imminere,
1240 3623 1274 3673 de

58 3695 201 3750 humarus
212 3700 288 3763 iugit
304 3701 335 3751 et
352 3700 387 3750 ad
398 3701 494 3765 partes
511 3699 660 3751 Alamanie
672 3714 703 3753 se
715 3700 871 3762 transtulit,
890 3702 989 3755 volens
1007 3704 1042 3754 ad
1060 3704 1190 3756 infideles
1203 3705 1276 3755 ilus*-

64 3772 126 3826 titas
141 3781 195 3832 sive
216 3780 359 3832 Bohemos
382 3782 505 3833 transire
525 3795 681 3846 eorumque
707 3785 825 3844 sectam,
848 3798 903 3847 que
926 3786 1025 3848 utique
1042 3786 1072 3835 in
1090 3785 1187 3837 multis
1212 3801 1276 3837 oum

71 3856 237 3921 opinionibus,
251 3876 321 3926 quas
344 3863 406 3927 ipsc
429 3862 554 3921 tenebat,
568 3863 768 3926 concordabat,
791 3867 890 3918 tenere
913 3870 942 3918 81
963 3868 1005 3919 818
1029 3868 1089 3918 tota
1113 3868 1276 3919 intencione

75 3934 196 4001 mitiore,
214 3944 282 3995 licet
306 3944 524 4008 prohibentibus
545 3944 656 3995 viarum
680 3945 818 4010 periculis
845 3948 880 3998 ad
905 3947 971 3999 illos
994 3949 1109 4000 tandem
1126 3951 1276 4000 transitum

78 4010 159 4071 hibere
175 4026 339 4088 nequiverit.
363 4025 485 4078 Interim
508 4038 588 4083 vero,
615 4025 734 4089 quiade
755 4029 903 4091 premissis
920 4031 1069 4095 suspectus
1086 4029 1199 4094 publice
1211 4032 1275 4082 red·
1343 4063 1348 4075 ·

82 4093 137 4148 ditur
151 4100 206 4163 init,
226 4105 334 4170 pluries
352 4105 467 4183 publice
486 4119 540 4171 per
559 4106 683 4158 edictum
701 4108 814 4169 citatus,
834 4112 866 4162 ut
885 4111 1076 4175 personaliter
1095 4125 1191 4162 coram
1215 4113 1276 4162 eius

1129 4258 1145 4307 6
