3210 5386
317 455 350 504 96
840 455 945 508 ΑΝΝΟ
965 455 1028 505 1460

313 617 415 669 illicita
432 617 494 668 vult
511 621 540 670 et
558 616 669 668 tollitur
686 618 779 666 omnis
797 617 932 668 honestas
949 618 979 667 et
996 630 1080 667 omne
1091 617 1174 668 ledus
1186 618 1222 668 ab
1234 632 1278 676 eo.
1292 620 1376 681 quasi
1389 619 1548 669 omniasibi

314 701 429 753 liceant.
448 703 485 753 Et
509 703 553 753 vir
572 704 667 766 potest
686 702 729 752 irc
750 702 785 752 ad
805 701 1062 766 congregacionem
1081 715 1176 758 unam,
1197 716 1270 752 uxor
1293 704 1327 752 ad
1350 702 1451 761 aliam.
1469 703 1546 754 etita

313 785 457 835 interdum
484 785 615 835 nesciunt
632 797 663 834 se
687 783 808 833 invicem
832 785 861 833 ct
883 782 1035 845 aliquando
1057 783 1159 833 sciunt.
1178 783 1269 834 Immo
1294 785 1503 836 conveniensis
1520 785 1545 834 in

315 868 393 917 secta
405 869 434 917 et
445 879 600 916 concursus
612 865 664 915 suit
676 864 819 927 aliquibus
829 865 950 921 occasio,
961 866 993 914 ut
1004 864 1255 915 matrimonialiter
1263 866 1387 916 invicem
1397 867 1545 932 iungeren-

317 950 373 999 tur.
387 948 424 999 Et
441 947 593 1010 aliquando
612 947 731 997 maritus
750 949 794 997 est
811 947 846 996 de
865 947 943 996 secta
959 948 989 997 et
1006 959 1079 996 uxor
1093 960 1159 1004 non,
1173 961 1265 1009 neque
1277 948 1423 1012 percipiet
1435 962 1505 999 uxor
1514 949 1543 998 de

316 1031 418 1080 marito
437 1030 597 1092 quicquam,
611 1029 746 1091 quoniam
765 1027 837 1078 liora
848 1028 1041 1078 secretissima
1053 1028 1155 1084 noctis,
1169 1028 1234 1078 dum
1248 1029 1389 1079 dormieio
1402 1033 1450 1080 est
1459 1031 1541 1086 tortis,

315 1111 425 1163 scilicet
445 1113 510 1175 post
531 1112 719 1164 undecimam,
741 1109 932 1160 communiter
950 1110 1056 1159 vadunt
1075 1110 1108 1158 ad
1129 1111 1385 1175 congregaciones.
1408 1115 1439 1162 et
1458 1125 1540 1163 rerer·

314 1195 414 1244 tuntur
425 1191 522 1257 sepius
535 1193 612 1242 circa
626 1192 779 1242 secundam
791 1191 891 1240 horam
904 1192 953 1241 aut
964 1192 1081 1240 terciam
1093 1194 1159 1254 post
1175 1193 1297 1243 mediam
1316 1195 1442 1244 noctem.
1456 1192 1537 1243 Nichil

314 1276 405 1326 eciam
420 1274 527 1324 moveri
541 1274 645 1324 debent
658 1275 783 1322 astantes
796 1287 847 1322 sou
859 1273 977 1327 iudices,
992 1273 1016 1322 si
1029 1274 1175 1323 accusacio
1189 1287 1245 1324 una
1260 1273 1365 1324 habeat
1382 1275 1419 1325 de
1436 1274 1535 1324 homine

315 1370 371 1406 uno
385 1357 526 1412 accusato,
539 1355 614 1417 quod
629 1354 717 1404 tuerit
728 1368 792 1404 cum
805 1367 862 1404 una
873 1352 1003 1411 muliere,
1017 1356 1046 1405 et
1063 1352 1120 1405 alia
1137 1356 1281 1405 accusacio
1300 1356 1335 1406 de
1349 1357 1461 1414 eodem,
1473 1356 1533 1418 quod

315 1451 380 1489 eum
400 1436 456 1488 alia
479 1436 576 1493 tuenti,
596 1436 730 1498 quoniam
751 1435 806 1485 hoc
825 1436 881 1485 tuit
901 1436 930 1484 in
955 1436 1076 1486 diversis
1095 1437 1373 1501 congregacionibus
1392 1440 1423 1489 et
1442 1437 1532 1502 pluries

316 1519 423 1570 vadunt
435 1519 471 1569 ad
482 1518 727 1583 congregaciones
740 1519 769 1567 et
781 1515 923 1580 permulto
936 1515 1034 1580 plures
1046 1531 1136 1568 annos
1148 1531 1232 1580 quam
1243 1520 1446 1569 confiteantur.
1459 1519 1532 1570 lntcr-

315 1601 383 1652 dum
395 1600 487 1652 eciam
498 1601 527 1650 in
540 1600 639 1650 eadem
652 1599 881 1663 congregacione
893 1599 939 1648 vir
950 1612 1023 1648 unus
1036 1599 1123 1650 habet
1134 1599 1231 1664 plures
1244 1599 1381 1652 mulieres
1393 1603 1424 1651 et
1434 1601 1539 1652 transsit

314 1683 351 1735 de
371 1696 428 1734 una
446 1683 477 1734 in
497 1680 592 1732 aliam.
615 1679 723 1730 Eadem
743 1683 788 1730 est
807 1680 883 1731 enim
904 1681 1068 1732 substancia
1088 1683 1156 1732 tacti
1176 1683 1205 1732 in
1227 1683 1286 1733 illis
1307 1684 1545 1735 accusacionibus.

314 1762 455 1815 Finalitcr
464 1762 681 1826 interrogentur
691 1761 725 1811 de
735 1760 883 1812 maleticiis
893 1763 922 1810 et
932 1764 1069 1824 queratur
1078 1763 1254 1825 eciam,quot
1263 1766 1293 1814 et
1301 1778 1373 1827 quos
1383 1765 1550 1819 docuemnt.

216 1893 220 1900 .
313 1846 342 1897 et
354 1846 489 1897 continue
502 1844 552 1894 flat
565 1856 725 1906 processus,
737 1842 760 1891 si
773 1842 910 1906 possibile
922 1843 969 1901 sit,
983 1846 1080 1893 etune
1094 1845 1197 1902 tractu.
1210 1846 1344 1907 quoniam
1357 1845 1551 1910 prosequendi

313 1930 381 1978 sunt
398 1927 523 1984 omnino,
543 1925 609 1974 dum
630 1928 696 1974 sunt
719 1924 849 1986 dispositi
871 1924 966 1975 dicere
987 1938 1101 1987 verum3
1123 1926 1241 1976 sienim
1260 1927 1418 1986 differatur,
1436 1926 1558 1979 remissi

314 2010 498 2074 reperientur
515 2008 571 2059 alia
588 2008 649 2058 vice
667 2009 696 2057 ct
714 2008 814 2057 mutati
835 2020 851 2056 a
872 2007 992 2058 demone
1011 2007 1054 2058 vel
1072 2008 1245 2059 hominibus.
1265 2010 1301 2061 Et
1322 2011 1560 2076 singularissine

318 2093 394 2150 nota,
413 2090 514 2147 lector,
533 2090 608 2152 quod
629 2090 664 2139 ad
685 2089 884 2152 extirpandum
907 2088 980 2138 hanc
1000 2089 1178 2140 maledictam
1197 2095 1313 2151 sectam,
1333 2093 1383 2155 qui
1399 2101 1564 2157 processus

316 2173 427 2224 iaciunt
443 2173 473 2223 et
489 2170 717 2234 inquisicionem,
731 2170 880 2220 intendere
898 2169 1004 2220 habent
1021 2171 1143 2223 maxime
1162 2173 1197 2222 ad
1215 2175 1390 2224 accusandos
1402 2168 1563 2226 etsersari

315 2254 393 2304 eirca
409 2253 609 2304 accusacioncs
625 2253 660 2303 de
678 2251 750 2309 aliis,
766 2251 857 2316 magis
875 2264 960 2314 quam
979 2252 1056 2302 circa
1074 2253 1213 2304 maleficia
1224 2257 1391 2319 perpetrata
1407 2269 1458 2320 per
1468 2256 1558 2319 ipsos

315 2333 481 2393 valdenses,
500 2334 635 2397 quoniam
647 2333 686 2383 ibi
699 2333 773 2383 iacet
785 2334 861 2383 totus
878 2334 988 2384 tructus
1006 2334 1041 2384 ad
1059 2336 1284 2398 extirpacionem
1301 2340 1380 2388 secte
1398 2340 1427 2389 et
1441 2337 1559 2389 extinc-

315 2417 436 2476 cionem,
450 2418 481 2468 ut
493 2415 604 2466 scilicet
616 2415 711 2465 dicant
723 2416 752 2465 et
774 2417 909 2466 accusent
921 2429 1114 2479 quoscumque
1134 2417 1377 2470 certitudinaliter
1387 2421 1417 2470 in
1429 2425 1560 2484 congre·

315 2497 483 2564 gaeionibus
499 2497 720 2562 congnoverint3
739 2496 809 2546 alias
827 2496 964 2560 perdetur
980 2509 1033 2560 pro
1046 2500 1127 2561 parte
1141 2511 1196 2547 non
1210 2512 1299 2562 parva
1310 2500 1499 2553 christianitas
1508 2490 1558 2542 8²

315 2580 387 2630 fides
396 2579 513 2644 peribit.

313 2756 339 2808 2.
358 2756 398 2809 De
415 2755 497 2810 modo
514 2755 687 2808 inductionis
704 2762 728 2806 et
747 2756 940 2807 imtructionis
965 2754 1146 2809 Valdensium
1164 2756 1364 2825 ydolatrarum
1385 2761 1425 2814 ad
1443 2761 1563 2816 sectam

804 2851 859 2904 pro
873 2851 974 2904 prima
987 2853 1055 2891 owe.

379 3664 405 3716 5.
423 3667 465 3717 De
476 3666 610 3718 varietate
633 3663 815 3718 Valdsnsium
832 3667 863 3717 in
879 3665 1026 3719 sanciendo
1044 3666 1079 3719 de
1092 3668 1230 3736 paradiso
1248 3677 1272 3723 et
1284 3673 1396 3735 insarno
1408 3676 1436 3726 et
1447 3675 1482 3729 de

693 3744 905 3799 immortalitate
921 3751 1017 3826 anime
1033 3747 1167 3803 tamone.

346 3877 503 3930 valdenses
527 3877 641 3940 quidam
668 3877 735 3928 sunt
763 3878 932 3930 confitentes
958 3880 1081 3930 animam
1107 3880 1298 3934 immortalem
1321 3886 1351 3935 et
1374 3863 1595 3951 sempiterfl‘

313 3960 476 4012 curativum
493 3958 657 4023 paradisum
675 3961 704 4010 et
720 3959 874 4021 internum,
887 3961 947 4018 sed,
961 3959 1043 4011 sicuti
1060 3961 1151 4012 multa
1167 3962 1301 4027 aliaque
1319 3968 1421 4030 gravia
1431 3942 1595 4033 passura

313 4043 389 4100 sunt,
408 4042 438 4092 in
459 4054 511 4091 sua
529 4039 603 4091 talsa
624 4042 810 4104 reputacione
831 4042 986 4093 secundum
1006 4055 1056 4094 eos
1076 4046 1193 4107 peccata
1213 4059 1269 4095 non
1290 4049 1365 4097 sunt.
1387 4048 1434 4100 Ita
1456 4026 1595 4116 neq1)⁴

311 4123 447 4187 reputant
467 4135 498 4173 se
518 4134 646 4186 peccare,
666 4123 759 4173 eundo
782 4123 817 4172 ad
834 4124 1093 4189 congregacionem
1113 4128 1143 4176 et
1162 4127 1304 4184 iaciendo,
1325 4142 1382 4191 que
1404 4131 1445 4183 ibi
1466 4134 1561 4185 flur*

308 4204 457 4270 potissime
475 4203 542 4267 quia
559 4205 655 4267 patres
677 4217 785 4261 eorum.
805 4203 993 4263 uterentur,
1013 4206 1061 4268 qui
1079 4206 1154 4259 bone
1175 4209 1369 4272 reputacionis
1391 4193 1595 4267 secundus

308 4285 436 4338 seculum
453 4286 580 4345 luerunt,
594 4284 666 4335 tales
684 4286 843 4337 extiterunt
855 4287 884 4337 et
895 4288 1141 4338 annunciaverunt
1152 4290 1204 4341 eis.
1219 4289 1277 4340 Alii
1289 4288 1435 4356 reputant.
1450 4274 1595 4349 serub

308 4381 381 4426 esse,
401 4368 476 4431 quod
493 4367 648 4431 persuadet
664 4368 767 4418 demon
786 4368 945 4431 presidens,
964 4368 1075 4420 scilicet
1091 4373 1167 4432 quod
1185 4372 1280 4422 anima
1300 4373 1426 4428 hominis
1447 4343 1595 4433 inter&

312 4463 375 4500 cum
393 4463 524 4514 corpore,
538 4449 612 4514 quod
631 4463 687 4499 non
705 4451 749 4500 est
766 4450 914 4513 paradisus
932 4453 981 4501 aut
992 4451 1131 4510 internus,
1145 4454 1200 4504 etc.
1213 4454 1295 4512 Etsi,
1309 4454 1497 4527 interrogati,
1510 4443 1595 4513 its
