3210 5386
283 496 330 547 iso
789 493 892 549 ANNO
911 494 974 544 lisa

277 658 409 722 ilbenter,
421 660 583 726 gardisnus,
595 659 726 712 Matbeus
739 659 852 721 Clerici,
866 659 969 712 Petrus
981 659 1009 711 le
1021 659 1142 722 Poittre,
1153 660 1277 712 vicarius
1289 661 1457 722 conventus,
1468 664 1495 711 et

275 742 436 796 willelmus
453 742 561 802 iiievet,
580 743 669 795 eciam
686 743 790 795 iratres
807 742 932 795 minores
950 741 1058 794 ordinis
1075 743 1165 796 sancti
1181 742 1329 795 Francisci
1341 743 1372 796 in
1384 743 1493 795 civitate

275 825 457 886 'fornacensi
474 825 505 877 in
522 839 635 878 camera
651 826 749 878 iratris
765 824 905 878 lobannis
923 825 1083 885 limoniam,
1102 825 1227 878 custodis
1245 825 1315 878 dicti
1332 828 1491 886 conventus,

274 908 428 961 existentes
437 908 597 973 ibidemque
606 922 658 974 per
667 909 830 961 eorumdem
839 908 984 960 custodem
994 908 1161 975 congregati
1173 910 1291 974 propter
1299 908 1488 960 infirmitatem

274 992 304 1044 et
322 991 450 1057 corporis
467 990 644 1043 debilitatem
663 992 791 1056 eiusdem
812 991 947 1057 custodis,
969 990 1123 1056 capitulum
1145 991 1283 1044 iacientes
1306 993 1338 1044 et
1359 992 1487 1050 tenentes,

274 1075 387 1133 iterato.
400 1076 465 1139 post
476 1073 615 1126 lecturam
626 1073 725 1126 cedule
737 1073 868 1138 superius
880 1072 987 1126 Gallice
999 1073 1141 1138 descripte
1154 1072 1317 1138 huiusmodi
1335 1074 1485 1126 conuictus
1575 1069 1603 1106 -“-’

275 1160 306 1210 et
316 1157 564 1222 appunctuamenti
581 1170 633 1222 per
649 1156 798 1222 providum
816 1158 845 1208 et
862 1155 1015 1208 discretum
1032 1156 1124 1208 virum
1141 1157 1310 1223 magistrum
1325 1155 1483 1222 Stephanum
1569 1174 1584 1181 ·

275 1238 409 1299 Ermetis‚
420 1239 628 1304 presbyterum.
642 1238 783 1291 notarium
801 1240 831 1291 et
848 1239 1033 1291 secretarium
1051 1239 1190 1291 dictorum
1209 1239 1390 1291 dominorum
1404 1240 1479 1306 presi·
1557 1227 1605 1315 ι’

276 1321 369 1375 dentis
381 1322 411 1375 et
421 1320 538 1386 capituli
556 1321 630 1374 dicte
647 1319 766 1374 ecclesie
784 1320 973 1374 bernacensis
990 1322 1020 1374 in
1037 1323 1201 1375 eorumdem
1217 1323 1341 1375 nauum
1356 1322 1480 1374 mmor-nu

275 1406 305 1457 st
326 1404 480 1457 conventus
502 1404 651 1468 presencia
672 1405 785 1466 iactam,
811 1403 973 1469 hujusmodi
1001 1405 1152 1456 tractatum
1175 1405 1205 1457 et
1230 1405 1412 1458 concordiam
1434 1405 1479 1457 sire
1561 1459 1605 1485 ‘m

275 1487 572 1552 appunctuamentum,
594 1490 679 1552 prout
707 1488 737 1538 in
768 1487 866 1540 eadem
896 1486 996 1540 cedula
1018 1486 1102 1539 latius
1125 1488 1260 1539 extiterat
1281 1501 1442 1554 expressum
1459 1488 1480 1538 et
1551 1533 1588 1563 7

276 1568 460 1632 declaratum,
472 1568 659 1622 laudaverunt
675 1571 705 1621 et
721 1569 949 1635 approbaverunt
965 1583 998 1622 ac
1014 1570 1107 1622 ratum
1124 1570 1154 1622 et
1169 1570 1283 1637 matum
1300 1571 1448 1623 tenuerunt
1459 1571 1484 1621 et
1551 1558 1554 1565 ’

279 1650 440 1705 babuerunt
459 1651 585 1715 illudque
608 1652 706 1704 tenere
728 1651 758 1703 et
776 1652 927 1705 observare
948 1652 1037 1705 eciam
1057 1653 1258 1718 promiserunt,
1277 1653 1486 1716 eorumdemque

279 1733 400 1798 quilibet
416 1733 542 1786 laudavit
559 1736 589 1787 et
600 1734 768 1799 approbavit
784 1747 816 1785 ac
834 1736 926 1786 ratum
944 1736 973 1787 et
989 1736 1102 1801 gratum
1115 1734 1214 1787 babuit
1228 1736 1258 1787 et
1273 1734 1422 1788 observare
1431 1747 1492 1800 pro·

277 1816 365 1880 misit,
377 1817 408 1868 in
425 1817 561 1881 quantum
578 1817 655 1882 ipsos
674 1817 703 1868 et
721 1830 820 1869 eorum
838 1816 992 1880 quemlibet
1008 1817 1170 1881 hujusmodi
1182 1816 1334 1884 negocium
1345 1818 1435 1884 tangit
1444 1824 1498 1867 seu

278 1901 397 1966 tangere
413 1901 508 1965 potest
525 1901 554 1952 et
570 1900 677 1965 poterit
697 1897 909 1962 quomodolibet
926 1899 955 1951 in
972 1900 1113 1964 iuturum3
1132 1902 1162 1952 et
1177 1899 1232 1951 boe
1248 1899 1300 1952 sub
1319 1901 1378 1952 suis
1395 1901 1447 1952 ilde
1469 1893 1505 1947 ei

275 1983 444 2047 juramentis
460 1983 491 2034 in
508 1982 594 2035 verbo
612 1982 779 2044 sacerdocii,
796 1981 925 2033 manibus
942 1982 1105 2047 pectoribus
1125 1982 1271 2048 appositis,
1285 1983 1315 2035 in
1336 1984 1514 2034 nostrorum

277 2065 453 2117 notariorum
471 2064 650 2131 publicorum
673 2064 898 2129 subscriptorum
919 2066 1073 2130 propterea
1094 2064 1199 2117 ibidem
1221 2065 1443 2130 comparentium
1478 2050 1528 2106 εἴ·

279 2147 462 2200 existentium
478 2147 634 2211 presencia,
649 2146 845 2212 stipulantium
863 2147 892 2200 et
908 2146 1106 2213 recipientium
1123 2147 1184 2199 rice
1201 2148 1231 2200 ct
1247 2148 1362 2201 nomine
1374 2142 1542 2199 omniuss

280 2231 310 2281 et
326 2227 503 2296 singulorum
522 2227 645 2290 illorum,
659 2244 779 2294 quorum
791 2230 911 2282 interest
922 2228 965 2281 vel
978 2229 1110 2282 intererit
1121 2229 1151 2281 in
1162 2230 1298 2288 futurum,
1312 2216 1561 2301 corporalitssf

279 2310 406 2377 prestitis
417 2311 451 2363 ab
465 2312 573 2363 eisdem
585 2313 614 2363 et
626 2325 723 2363 corum
736 2311 873 2376 quolibet,
886 2313 1016 2363 omnibus
1028 2314 1057 2364 et
1069 2311 1189 2378 singulis
1200 2313 1353 2371 irancisiis‚
1362 2303 1573 2365 libertaffl‘

279 2394 343 2451 bus,
354 2393 524 2460 privilegiis,
539 2395 789 2446 consuetudinibus
807 2398 836 2447 ct
853 2395 1027 2454 coustumiis,
1040 2395 1142 2459 quibus
1159 2408 1190 2447 se
1208 2407 1321 2448 serrare
1338 2395 1454 2462 possent
1500 2360 1596 2483 εἶχε

278 2475 394 2535 vellent,
416 2476 579 2542 specialiter
600 2490 734 2543 expresse
753 2478 993 2529 renunciantibus.
1017 2479 1059 2529 De
1079 2478 1109 2530 et
1127 2490 1213 2543 super
1233 2477 1335 2542 quibus
1355 2462 1583 2543 premis5²

279 2559 408 2612 omnibus
425 2560 455 2611 et
471 2558 592 2625 singulis
610 2560 809 2624 superscriptis
820 2554 1096 2626 prefatus'magister
1113 2558 1271 2625 Stephanus
1283 2559 1409 2612 Ermetis
1420 2533 1604 2625 supra

279 2643 340 2695 rius
351 2642 521 2705 nominatus,
534 2642 648 2693 nomine
661 2642 801 2693 dictorum
812 2643 991 2694 dominorum
1002 2642 1173 2707 presidentis
1185 2645 1214 2694 et
1226 2641 1343 2707 capituli
1356 2644 1385 2695 et
1395 2656 1447 2708 pro
1459 2644 1522 2694 W
1541 2616 1601 2703 Ξ

278 2725 338 2778 suis
354 2725 508 2792 magistris,
521 2725 606 2791 petiit
622 2739 639 2777 a
656 2725 747 2786 nobis,
761 2725 879 2777 notariis
896 2724 1016 2790 publicis
1033 2724 1212 2791 subscriptis,
1223 2724 1277 2776 sibi
1294 2726 1324 2777 et
1341 2725 1426 2776 dictis
1443 2733 1524 2776 ειν

278 2807 422 2875 magistris
442 2808 506 2861 fleri
527 2811 611 2871 atque
631 2807 706 2859 tradi
725 2805 869 2872 pubiicum
888 2807 1107 2860 instrumentum
1128 2820 1214 2859 unum
1236 2806 1280 2860 vei
1302 2806 1398 2874 plura,
1420 2807 1484 2859 dic
1542 2797 1545 2801 ’

280 2890 417 2943 iratribus
426 2891 584 2942 minoribus
596 2891 632 2942 ad
644 2889 698 2942 boc
710 2889 963 2943 consentientibus.

313 2972 385 3025 Acta
400 2973 516 3024 luerunt
533 2972 587 3025 bec
604 2971 727 3024 Tornaci
744 2973 774 3023 in
791 2974 954 3024 nostrorum
973 2973 1147 3025 notariorum
1164 2971 1342 3038 publicorum
1360 2973 1471 3025 subscri

1556 1391 1605 1413 ..ιι

1522 2952 1604 2990 Ι

281 3056 376 3107 torum
393 3055 428 3105 sd
444 3055 583 3119 premissa
599 3056 751 3120 propterea
768 3059 932 3108 vocatorum
948 3055 1111 3121 specialiter
1126 3056 1155 3108 et
1165 3056 1332 3121 rogatorum
1344 3055 1473 3120 presenc'
1545 3029 1605 3065 ’Ξ

280 3137 311 3188 in
333 3135 404 3270 ¹⁰2⁸
426 3137 602 3203 prescriptis,
627 3151 711 3197 anno,
737 3137 906 3198 indictione.
930 3151 1037 3204 mense,
1060 3138 1106 3189 die
1128 3138 1158 3190 et
1180 3137 1258 3189 boris
1281 3151 1313 3189 ac
1335 3117 1574 3204 pontiflcaff

281 3231 364 3283 presc
391 3218 459 3283 ptis.

314 3349 351 3402 Et
362 3349 429 3412 quia
438 3363 502 3415 ego,
515 3350 687 3403 (luillermus
696 3351 838 3408 Griaume,
850 3351 970 3403 clericus
982 3351 1221 3417 Rotbomagensis
1231 3350 1364 3416 diocesis,
1373 3346 1564 3417 publicrss‘
1579 3415 1605 3421 ,

283 3430 439 3497 apostolica
455 3432 622 3484 auctoritate
641 3432 867 3498 venerabilisque
885 3434 963 3486 curie
981 3432 1149 3498 episcopalis
1167 3431 1356 3485 Tornacensis
1377 3435 1551 3486 notarii?
1578 3429 1605 3509 J

282 3514 404 3580 juratus,
416 3514 550 3578 predictis
562 3516 713 3568 concordie
725 3519 754 3568 et
765 3515 1021 3582 appunctuamento
1034 3515 1192 3580 ceterisque
1209 3515 1357 3580 premissis
1374 3517 1532 3569 omnibu*
1574 3516 1591 3524 “

283 3599 314 3649 et
330 3595 459 3662 singulis,
473 3596 539 3647 dum
557 3598 640 3648 modo
658 3600 815 3664 prescripto
834 3601 997 3665 agerentur.
1011 3599 1174 3650 dicerentur
1191 3600 1220 3649 et
1236 3598 1348 3658 flerent,
1368 3612 1426 3650 una
1442 3579 1590 3650 οιιῶ1

282 3677 414 3730 lobanne
426 3680 461 3730 de
473 3677 580 3744 (lauley
592 3678 639 3746 (l),
652 3681 741 3733 eciam
759 3681 863 3733 clerieo
882 3681 1066 3744 'tornacensi
1079 3680 1191 3745 publico
1209 3679 1366 3745 apostolica
1377 3683 1407 3733 et
1417 3671 1592 3747 impb‘

281 3760 348 3813 riali
365 3762 580 3814 auctoritatibus
598 3764 627 3814 et
644 3763 718 3815 dicte
736 3765 814 3815 curie
831 3762 1000 3830 episcopalis
1013 3763 1201 3816 Tornacensis
1212 3763 1323 3814 noterio
1334 3763 1431 3827 jurato
1443 3757 1586 3815 καθ’

283 3844 400 3909 scripto.
420 3857 537 3909 presens
559 3845 678 3897 interlui
699 3859 731 3896 ac
751 3849 846 3898 notam
869 3845 978 3910 sumpsi
1000 3847 1108 3910 pariter
1130 3847 1160 3897 et
1181 3845 1287 3911 recepi,
1308 3844 1417 3897 idcireo
1439 3830 1582 3897 ma

283 3925 397 3993 publico
414 3927 540 3992 presenti
559 3927 746 3980 instrumento
763 3929 865 3981 exinde
877 3930 1016 3985 coniecto,
1030 3942 1115 3979 manu
1126 3928 1243 3992 propria
1253 3926 1378 3980 fideliter
1388 3927 1582 3993 scriptam

285 4010 398 4075 signum
410 4024 503 4062 meum
514 4009 630 4061 solitum
642 4013 671 4062 et
681 4013 848 4063 consuetum
860 4011 915 4071 bic.
926 4025 971 4063 me
981 4012 1080 4063 eadem
1090 4023 1173 4061 manu
1185 4010 1302 4075 propria
1310 3995 1579 4062 submmbenss

286 4105 407 4144 unacum
424 4092 505 4159 signo
523 4094 553 4144 et
568 4092 776 4158 subscriptione
793 4095 896 4158 prelati
914 4094 1029 4154 notarii,
1048 4093 1167 4157 apposui
1186 4093 1216 4143 in
1237 4092 1323 4144 iidem
1340 4093 1371 4145 et
1385 4078 1582 4144 relidit-⁵

285 4173 479 4226 testimouium
500 4175 626 4226 omnium
648 4177 678 4227 et
697 4175 875 4243 singulorum
891 4177 1105 4241 premissorum,
1123 4187 1210 4240 super
1230 4173 1285 4226 boc
1303 4175 1455 4240 requisitus
1471 4148 1584 4223 33

287 4257 412 4323 rogatus.

1236 4323 1376 4377 (inmun.

293 4458 1584 4504 Μ

323 4607 360 4671 (l)
378 4605 414 4658 Oi
427 4604 544 4673 Ganley.
