<?xml version="1.0" encoding="UTF-8"?>
<!DOCTYPE html PUBLIC "-//W3C//DTD XHTML 1.0 Transitional//EN"
    "http://www.w3.org/TR/xhtml1/DTD/xhtml1-transitional.dtd">
<html xmlns="http://www.w3.org/1999/xhtml" xml:lang="en" lang="en">
 <head>
  <title>
</title>
<meta http-equiv="Content-Type" content="text/html;charset=utf-8" />
  <meta name='ocr-system' content='tesseract 3.04.00' />
  <meta name='ocr-capabilities' content='ocr_page ocr_carea ocr_par ocr_line ocrx_word'/>
</head>
<body>
  <div class='ocr_page' id='page_1' title='image "./corpusdocumento01frgoog_0139.png"; bbox 0 0 3164 5386; ppageno 0'>
   <div class='ocr_carea' id='block_1_1' title="bbox 181 459 891 514">
    <p class='ocr_par' dir='ltr' id='par_1_1' title="bbox 181 459 891 514">
     <span class='ocr_line' id='line_1_1' title="bbox 181 459 891 514; baseline 0.001 -3"><span class='ocrx_word' id='word_1_1' title='bbox 181 460 213 512; x_wconf 77' lang='lat'>94</span> <span class='ocrx_word' id='word_1_2' title='bbox 703 461 808 514; x_wconf 78' lang='lat' dir='ltr'>Anno</span> <span class='ocrx_word' id='word_1_3' title='bbox 827 459 891 512; x_wconf 72' lang='lat'>1460</span> 
     </span>
    </p>
   </div>
   <div class='ocr_carea' id='block_1_2' title="bbox 183 647 1399 799">
    <p class='ocr_par' dir='ltr' id='par_1_2' title="bbox 183 647 1399 799">
     <span class='ocr_line' id='line_1_2' title="bbox 183 647 1399 716; baseline 0.004 -18"><span class='ocrx_word' id='word_1_4' title='bbox 183 649 207 700; x_wconf 89' lang='lat'>1.</span> <span class='ocrx_word' id='word_1_5' title='bbox 227 649 383 701; x_wconf 78' lang='lat' dir='ltr'>Anrrounus</span> <span class='ocrx_word' id='word_1_6' title='bbox 400 661 512 701; x_wconf 74' lang='lat' dir='ltr'>antuus.</span> <span class='ocrx_word' id='word_1_7' title='bbox 533 647 572 699; x_wconf 87' lang='lat' dir='ltr'>De</span> <span class='ocrx_word' id='word_1_8' title='bbox 584 648 772 716; x_wconf 80' lang='lat' dir='ltr'>possibilitate</span> <span class='ocrx_word' id='word_1_9' title='bbox 784 656 807 700; x_wconf 81' lang='lat' dir='ltr'>et</span> <span class='ocrx_word' id='word_1_10' title='bbox 820 651 905 701; x_wconf 82' lang='lat' dir='ltr'>etiam</span> <span class='ocrx_word' id='word_1_11' title='bbox 917 647 952 701; x_wconf 81' lang='lat' dir='ltr'>de</span> <span class='ocrx_word' id='word_1_12' title='bbox 963 651 1091 702; x_wconf 74' lang='lat' dir='ltr'><strong><em>realitate</em></strong></span> <span class='ocrx_word' id='word_1_13' title='bbox 1107 657 1132 700; x_wconf 79' lang='lat' dir='ltr'>et</span> <span class='ocrx_word' id='word_1_14' title='bbox 1148 654 1264 701; x_wconf 66' lang='lat' dir='ltr'>verum</span> <span class='ocrx_word' id='word_1_15' title='bbox 1280 653 1399 703; x_wconf 73' lang='lat' dir='ltr'>transitu</span> 
     </span>
     <span class='ocr_line' id='line_1_3' title="bbox 248 728 1354 799; baseline 0 -17"><span class='ocrx_word' id='word_1_16' title='bbox 248 729 402 798; x_wconf 80' lang='lat' dir='ltr'>corporatis</span> <span class='ocrx_word' id='word_1_17' title='bbox 415 728 593 782; x_wconf 60' lang='lat' dir='ltr'>lamensium</span> <span class='ocrx_word' id='word_1_18' title='bbox 604 729 643 782; x_wconf 86' lang='lat' dir='ltr'>ad</span> <span class='ocrx_word' id='word_1_19' title='bbox 653 733 892 796; x_wconf 72' lang='lat' dir='ltr'>conpreqaciones,</span> <span class='ocrx_word' id='word_1_20' title='bbox 902 733 950 799; x_wconf 81' lang='lat' dir='ltr'>qui</span> <span class='ocrx_word' id='word_1_21' title='bbox 961 731 1145 798; x_wconf 63' lang='lat' dir='ltr'>deportem</span> <span class='ocrx_word' id='word_1_22' title='bbox 1152 747 1206 795; x_wconf 82' lang='lat' dir='ltr'>per</span> <span class='ocrx_word' id='word_1_23' title='bbox 1218 733 1354 784; x_wconf 76' lang='lat' dir='ltr'>domem.</span> 
     </span>
    </p>
   </div>
   <div class='ocr_carea' id='block_1_3' title="bbox 176 952 1420 4534">
    <p class='ocr_par' dir='ltr' id='par_1_3' title="bbox 181 952 1411 3452">
     <span class='ocr_line' id='line_1_4' title="bbox 218 952 1399 1017; baseline -0.001 -14"><span class='ocrx_word' id='word_1_24' title='bbox 218 953 347 1003; x_wconf 89' lang='lat' dir='ltr'>Secundo</span> <span class='ocrx_word' id='word_1_25' title='bbox 365 953 568 1003; x_wconf 90' lang='lat' dir='ltr'>attendendum</span> <span class='ocrx_word' id='word_1_26' title='bbox 586 952 663 1003; x_wconf 87' lang='lat' dir='ltr'>circa</span> <span class='ocrx_word' id='word_1_27' title='bbox 680 953 794 1003; x_wconf 91' lang='lat' dir='ltr'>modum</span> <span class='ocrx_word' id='word_1_28' title='bbox 812 953 988 1016; x_wconf 89' lang='lat' dir='ltr'>procedendi</span> <span class='ocrx_word' id='word_1_29' title='bbox 1006 954 1141 1004; x_wconf 90' lang='lat' dir='ltr'>adversus</span> <span class='ocrx_word' id='word_1_30' title='bbox 1154 953 1280 1016; x_wconf 82' lang='lat' dir='ltr'><strong>aliquem</strong></span> <span class='ocrx_word' id='word_1_31' title='bbox 1292 952 1399 1017; x_wconf 70' lang='lat' dir='ltr'>pancu-</span> 
     </span>
     <span class='ocr_line' id='line_1_5' title="bbox 184 1035 1398 1100; baseline 0 -15"><span class='ocrx_word' id='word_1_32' title='bbox 184 1035 284 1096; x_wconf 82' lang='lat' dir='ltr'><strong>larem,</strong></span> <span class='ocrx_word' id='word_1_33' title='bbox 303 1035 421 1086; x_wconf 87' lang='lat' dir='ltr'>salutari</span> <span class='ocrx_word' id='word_1_34' title='bbox 439 1035 600 1085; x_wconf 91' lang='lat' dir='ltr'>monicione</span> <span class='ocrx_word' id='word_1_35' title='bbox 618 1038 647 1086; x_wconf 90' lang='lat' dir='ltr'>et</span> <span class='ocrx_word' id='word_1_36' title='bbox 664 1036 823 1085; x_wconf 89' lang='lat' dir='ltr'>iuramento</span> <span class='ocrx_word' id='word_1_37' title='bbox 842 1036 877 1085; x_wconf 91' lang='lat' dir='ltr'>de</span> <span class='ocrx_word' id='word_1_38' title='bbox 896 1035 1015 1087; x_wconf 89' lang='lat' dir='ltr'>dicendo</span> <span class='ocrx_word' id='word_1_39' title='bbox 1038 1037 1187 1087; x_wconf 81' lang='lat' dir='ltr'>veritatem</span> <span class='ocrx_word' id='word_1_40' title='bbox 1209 1035 1398 1100; x_wconf 86' lang='lat' dir='ltr'>presuppositis</span> 
     </span>
     <span class='ocr_line' id='line_1_6' title="bbox 183 1115 1398 1181; baseline -0.002 -15"><span class='ocrx_word' id='word_1_41' title='bbox 183 1131 247 1166; x_wconf 91' lang='lat' dir='ltr'>cum</span> <span class='ocrx_word' id='word_1_42' title='bbox 271 1117 356 1167; x_wconf 90' lang='lat' dir='ltr'>certis</span> <span class='ocrx_word' id='word_1_43' title='bbox 379 1116 610 1181; x_wconf 83' lang='lat' dir='ltr'>interrogatoriis</span> <span class='ocrx_word' id='word_1_44' title='bbox 637 1130 726 1178; x_wconf 88' lang='lat' dir='ltr'>usque</span> <span class='ocrx_word' id='word_1_45' title='bbox 758 1117 792 1165; x_wconf 90' lang='lat' dir='ltr'>ad</span> <span class='ocrx_word' id='word_1_46' title='bbox 818 1117 998 1178; x_wconf 87' lang='lat' dir='ltr'>apereionem</span> <span class='ocrx_word' id='word_1_47' title='bbox 1023 1117 1144 1166; x_wconf 86' lang='lat' dir='ltr'>materie</span> <span class='ocrx_word' id='word_1_48' title='bbox 1168 1115 1318 1174; x_wconf 84' lang='lat' dir='ltr'>inclusive,</span> <span class='ocrx_word' id='word_1_49' title='bbox 1340 1115 1398 1179; x_wconf 86' lang='lat' dir='ltr'>quod</span> 
     </span>
     <span class='ocr_line' id='line_1_7' title="bbox 183 1197 1397 1263; baseline -0.002 -15"><span class='ocrx_word' id='word_1_50' title='bbox 183 1201 440 1261; x_wconf 89' lang='lat' dir='ltr'>quantumcumque</span> <span class='ocrx_word' id='word_1_51' title='bbox 464 1198 601 1247; x_wconf 88' lang='lat' dir='ltr'>iuraverit</span> <span class='ocrx_word' id='word_1_52' title='bbox 618 1198 713 1247; x_wconf 85' lang='lat' dir='ltr'>dicere</span> <span class='ocrx_word' id='word_1_53' title='bbox 737 1197 895 1259; x_wconf 86' lang='lat' dir='ltr'>veritatem,</span> <span class='ocrx_word' id='word_1_54' title='bbox 914 1198 962 1260; x_wconf 89' lang='lat' dir='ltr'>qui</span> <span class='ocrx_word' id='word_1_55' title='bbox 981 1198 1188 1263; x_wconf 79' lang='lat' dir='ltr'>interrogatur,</span> <span class='ocrx_word' id='word_1_56' title='bbox 1208 1199 1270 1262; x_wconf 89' lang='lat' dir='ltr'>ipse</span> <span class='ocrx_word' id='word_1_57' title='bbox 1288 1197 1397 1262; x_wconf 79' lang='lat' dir='ltr'>periuris</span> 
     </span>
     <span class='ocr_line' id='line_1_8' title="bbox 183 1278 1396 1344; baseline -0.001 -15"><span class='ocrx_word' id='word_1_58' title='bbox 183 1279 273 1330; x_wconf 87' lang='lat' dir='ltr'>multa</span> <span class='ocrx_word' id='word_1_59' title='bbox 292 1281 419 1330; x_wconf 90' lang='lat' dir='ltr'>incurret</span> <span class='ocrx_word' id='word_1_60' title='bbox 440 1279 468 1328; x_wconf 91' lang='lat' dir='ltr'>in</span> <span class='ocrx_word' id='word_1_61' title='bbox 492 1281 551 1328; x_wconf 90' lang='lat' dir='ltr'>toto</span> <span class='ocrx_word' id='word_1_62' title='bbox 570 1292 704 1342; x_wconf 88' lang='lat' dir='ltr'>processu</span> <span class='ocrx_word' id='word_1_63' title='bbox 723 1280 751 1329; x_wconf 90' lang='lat' dir='ltr'>et</span> <span class='ocrx_word' id='word_1_64' title='bbox 769 1278 858 1329; x_wconf 84' lang='lat' dir='ltr'>multa</span> <span class='ocrx_word' id='word_1_65' title='bbox 876 1279 1023 1329; x_wconf 86' lang='lat' dir='ltr'>mendacia</span> <span class='ocrx_word' id='word_1_66' title='bbox 1040 1280 1195 1344; x_wconf 83' lang='lat' dir='ltr'>continget,</span> <span class='ocrx_word' id='word_1_67' title='bbox 1215 1280 1362 1330; x_wconf 83' lang='lat' dir='ltr'>inliciendo</span> <span class='ocrx_word' id='word_1_68' title='bbox 1375 1279 1396 1328; x_wconf 89' lang='lat' dir='ltr'>el</span> 
     </span>
     <span class='ocr_line' id='line_1_9' title="bbox 184 1360 1396 1427; baseline -0.001 -16"><span class='ocrx_word' id='word_1_69' title='bbox 184 1362 314 1427; x_wconf 83' lang='lat' dir='ltr'>negando</span> <span class='ocrx_word' id='word_1_70' title='bbox 331 1363 496 1411; x_wconf 79' lang='lat' dir='ltr'>constanter</span> <span class='ocrx_word' id='word_1_71' title='bbox 514 1362 629 1416; x_wconf 87' lang='lat' dir='ltr'>lactum,</span> <span class='ocrx_word' id='word_1_72' title='bbox 649 1361 683 1410; x_wconf 91' lang='lat' dir='ltr'>de</span> <span class='ocrx_word' id='word_1_73' title='bbox 702 1374 757 1422; x_wconf 87' lang='lat' dir='ltr'>quo</span> <span class='ocrx_word' id='word_1_74' title='bbox 779 1362 937 1414; x_wconf 87' lang='lat' dir='ltr'>accusatur,</span> <span class='ocrx_word' id='word_1_75' title='bbox 957 1365 1067 1411; x_wconf 90' lang='lat' dir='ltr'>etcum</span> <span class='ocrx_word' id='word_1_76' title='bbox 1085 1362 1256 1412; x_wconf 88' lang='lat' dir='ltr'>iuramentis</span> <span class='ocrx_word' id='word_1_77' title='bbox 1273 1360 1363 1411; x_wconf 88' lang='lat' dir='ltr'>multis</span> <span class='ocrx_word' id='word_1_78' title='bbox 1376 1360 1396 1410; x_wconf 86' lang='lat' dir='ltr'>ct</span> 
     </span>
     <span class='ocr_line' id='line_1_10' title="bbox 183 1441 1394 1508; baseline -0.001 -15"><span class='ocrx_word' id='word_1_79' title='bbox 183 1442 482 1501; x_wconf 84' lang='lat' dir='ltr'>anathematisacione,</span> <span class='ocrx_word' id='word_1_80' title='bbox 496 1442 637 1504; x_wconf 79' lang='lat' dir='ltr'>verbaque</span> <span class='ocrx_word' id='word_1_81' title='bbox 651 1441 745 1491; x_wconf 87' lang='lat' dir='ltr'>dulcia</span> <span class='ocrx_word' id='word_1_82' title='bbox 756 1444 785 1492; x_wconf 91' lang='lat' dir='ltr'>ct</span> <span class='ocrx_word' id='word_1_83' title='bbox 802 1443 910 1506; x_wconf 90' lang='lat' dir='ltr'>optima</span> <span class='ocrx_word' id='word_1_84' title='bbox 925 1441 1049 1499; x_wconf 87' lang='lat' dir='ltr'>habebit,</span> <span class='ocrx_word' id='word_1_85' title='bbox 1064 1443 1267 1507; x_wconf 78' lang='lat' dir='ltr'>presupposita</span> <span class='ocrx_word' id='word_1_86' title='bbox 1276 1444 1394 1508; x_wconf 83' lang='lat' dir='ltr'>protesta-</span> 
     </span>
     <span class='ocr_line' id='line_1_11' title="bbox 184 1522 1395 1589; baseline -0.002 -15"><span class='ocrx_word' id='word_1_87' title='bbox 184 1526 266 1575; x_wconf 88' lang='lat' dir='ltr'>cione</span> <span class='ocrx_word' id='word_1_88' title='bbox 276 1539 328 1575; x_wconf 89' lang='lat' dir='ltr'>sua</span> <span class='ocrx_word' id='word_1_89' title='bbox 336 1526 371 1575; x_wconf 91' lang='lat' dir='ltr'>ad</span> <span class='ocrx_word' id='word_1_90' title='bbox 381 1525 529 1575; x_wconf 92' lang='lat' dir='ltr'>demonem</span> <span class='ocrx_word' id='word_1_91' title='bbox 541 1536 548 1572; x_wconf 91' lang='lat'>:</span> <span class='ocrx_word' id='word_1_92' title='bbox 562 1544 574 1563; x_wconf 69' lang='lat' dir='ltr'>u</span> <span class='ocrx_word' id='word_1_93' title='bbox 585 1524 655 1581; x_wconf 76' lang='lat' dir='ltr'>Stre,</span> <span class='ocrx_word' id='word_1_94' title='bbox 666 1538 700 1574; x_wconf 81' lang='lat' dir='ltr'>ne</span> <span class='ocrx_word' id='word_1_95' title='bbox 708 1531 734 1574; x_wconf 84' lang='lat' dir='ltr'>te</span> <span class='ocrx_word' id='word_1_96' title='bbox 742 1522 889 1589; x_wconf 76' lang='lat' dir='ltr'>despicies,</span> <span class='ocrx_word' id='word_1_97' title='bbox 897 1546 909 1566; x_wconf 71' lang='lat' dir='ltr'>n</span> <span class='ocrx_word' id='word_1_98' title='bbox 920 1527 950 1575; x_wconf 91' lang='lat' dir='ltr'>et</span> <span class='ocrx_word' id='word_1_99' title='bbox 959 1525 1124 1588; x_wconf 87' lang='lat' dir='ltr'>dicet,quod</span> <span class='ocrx_word' id='word_1_100' title='bbox 1135 1540 1166 1575; x_wconf 90' lang='lat' dir='ltr'>se</span> <span class='ocrx_word' id='word_1_101' title='bbox 1176 1525 1277 1575; x_wconf 80' lang='lat' dir='ltr'>reffert</span> <span class='ocrx_word' id='word_1_102' title='bbox 1285 1524 1395 1586; x_wconf 85' lang='lat' dir='ltr'>inquestc</span> 
     </span>
     <span class='ocr_line' id='line_1_12' title="bbox 185 1605 1395 1670; baseline -0.002 -13"><span class='ocrx_word' id='word_1_103' title='bbox 185 1607 220 1658; x_wconf 89' lang='lat' dir='ltr'>de</span> <span class='ocrx_word' id='word_1_104' title='bbox 232 1621 263 1658; x_wconf 89' lang='lat' dir='ltr'>se</span> <span class='ocrx_word' id='word_1_105' title='bbox 281 1607 374 1658; x_wconf 87' lang='lat' dir='ltr'>flende</span> <span class='ocrx_word' id='word_1_106' title='bbox 391 1620 443 1670; x_wconf 91' lang='lat' dir='ltr'>per</span> <span class='ocrx_word' id='word_1_107' title='bbox 460 1608 573 1664; x_wconf 88' lang='lat' dir='ltr'>lamam,</span> <span class='ocrx_word' id='word_1_108' title='bbox 586 1609 641 1655; x_wconf 92' lang='lat' dir='ltr'>etc.</span> <span class='ocrx_word' id='word_1_109' title='bbox 655 1606 715 1664; x_wconf 86' lang='lat' dir='ltr'>Que</span> <span class='ocrx_word' id='word_1_110' title='bbox 728 1606 824 1656; x_wconf 88' lang='lat' dir='ltr'>omnia</span> <span class='ocrx_word' id='word_1_111' title='bbox 834 1619 952 1669; x_wconf 89' lang='lat' dir='ltr'>parvum</span> <span class='ocrx_word' id='word_1_112' title='bbox 965 1606 1115 1656; x_wconf 83' lang='lat' dir='ltr'>vendicant</span> <span class='ocrx_word' id='word_1_113' title='bbox 1131 1606 1186 1655; x_wconf 90' lang='lat' dir='ltr'>sibi</span> <span class='ocrx_word' id='word_1_114' title='bbox 1203 1606 1299 1657; x_wconf 88' lang='lat' dir='ltr'>locum</span> <span class='ocrx_word' id='word_1_115' title='bbox 1316 1606 1343 1657; x_wconf 91' lang='lat' dir='ltr'>in</span> <span class='ocrx_word' id='word_1_116' title='bbox 1358 1605 1395 1656; x_wconf 84' lang='lat' dir='ltr'>hac</span> 
     </span>
     <span class='ocr_line' id='line_1_13' title="bbox 184 1687 1396 1753; baseline -0.004 -13"><span class='ocrx_word' id='word_1_117' title='bbox 184 1689 312 1747; x_wconf 82' lang='lat' dir='ltr'>materia,</span> <span class='ocrx_word' id='word_1_118' title='bbox 324 1690 355 1739; x_wconf 90' lang='lat' dir='ltr'>nt</span> <span class='ocrx_word' id='word_1_119' title='bbox 363 1687 478 1753; x_wconf 89' lang='lat' dir='ltr'>planum</span> <span class='ocrx_word' id='word_1_120' title='bbox 489 1687 545 1737; x_wconf 91' lang='lat' dir='ltr'>erit</span> <span class='ocrx_word' id='word_1_121' title='bbox 554 1688 582 1736; x_wconf 93' lang='lat' dir='ltr'>in</span> <span class='ocrx_word' id='word_1_122' title='bbox 593 1687 787 1750; x_wconf 86' lang='lat' dir='ltr'>sequentibus.</span> <span class='ocrx_word' id='word_1_123' title='bbox 795 1687 831 1737; x_wconf 83' lang='lat' dir='ltr'>Et</span> <span class='ocrx_word' id='word_1_124' title='bbox 840 1687 983 1738; x_wconf 78' lang='lat' dir='ltr'>invocabit</span> <span class='ocrx_word' id='word_1_125' title='bbox 993 1688 1082 1738; x_wconf 91' lang='lat' dir='ltr'>Deum</span> <span class='ocrx_word' id='word_1_126' title='bbox 1093 1701 1125 1737; x_wconf 89' lang='lat' dir='ltr'>ae</span> <span class='ocrx_word' id='word_1_127' title='bbox 1135 1691 1259 1745; x_wconf 87' lang='lat' dir='ltr'>sanctos,</span> <span class='ocrx_word' id='word_1_128' title='bbox 1270 1687 1396 1752; x_wconf 86' lang='lat' dir='ltr'>potissime</span> 
     </span>
     <span class='ocr_line' id='line_1_14' title="bbox 183 1767 1397 1835; baseline -0.005 -15"><span class='ocrx_word' id='word_1_129' title='bbox 183 1772 311 1821; x_wconf 87' lang='lat' dir='ltr'>sanetum</span> <span class='ocrx_word' id='word_1_130' title='bbox 325 1769 510 1835; x_wconf 86' lang='lat' dir='ltr'>singulariter</span> <span class='ocrx_word' id='word_1_131' title='bbox 520 1767 705 1819; x_wconf 84' lang='lat' dir='ltr'>reclamatum</span> <span class='ocrx_word' id='word_1_132' title='bbox 719 1769 747 1818; x_wconf 92' lang='lat' dir='ltr'>in</span> <span class='ocrx_word' id='word_1_133' title='bbox 760 1769 862 1831; x_wconf 88' lang='lat' dir='ltr'>patria,</span> <span class='ocrx_word' id='word_1_134' title='bbox 873 1769 970 1818; x_wconf 90' lang='lat' dir='ltr'>dicens</span> <span class='ocrx_word' id='word_1_135' title='bbox 983 1771 1012 1820; x_wconf 90' lang='lat' dir='ltr'>et</span> <span class='ocrx_word' id='word_1_136' title='bbox 1025 1769 1186 1824; x_wconf 84' lang='lat' dir='ltr'>obsecrans,</span> <span class='ocrx_word' id='word_1_137' title='bbox 1201 1770 1278 1832; x_wconf 88' lang='lat' dir='ltr'>quod</span> <span class='ocrx_word' id='word_1_138' title='bbox 1289 1768 1397 1820; x_wconf 80' lang='lat' dir='ltr'>velintet</span> 
     </span>
     <span class='ocr_line' id='line_1_15' title="bbox 184 1848 1397 1917; baseline -0.004 -16"><span class='ocrx_word' id='word_1_139' title='bbox 184 1852 339 1917; x_wconf 81' lang='lat' dir='ltr'>dignentur</span> <span class='ocrx_word' id='word_1_140' title='bbox 351 1851 405 1901; x_wconf 90' lang='lat' dir='ltr'>sibi</span> <span class='ocrx_word' id='word_1_141' title='bbox 418 1864 585 1901; x_wconf 86' lang='lat' dir='ltr'>succurrere</span> <span class='ocrx_word' id='word_1_142' title='bbox 603 1852 631 1900; x_wconf 89' lang='lat' dir='ltr'>et</span> <span class='ocrx_word' id='word_1_143' title='bbox 650 1849 792 1907; x_wconf 86' lang='lat' dir='ltr'>auxiliari,</span> <span class='ocrx_word' id='word_1_144' title='bbox 806 1850 1043 1912; x_wconf 86' lang='lat' dir='ltr'>quemadmodum</span> <span class='ocrx_word' id='word_1_145' title='bbox 1056 1851 1131 1914; x_wconf 87' lang='lat' dir='ltr'>apud</span> <span class='ocrx_word' id='word_1_146' title='bbox 1143 1864 1193 1901; x_wconf 91' lang='lat' dir='ltr'>eos</span> <span class='ocrx_word' id='word_1_147' title='bbox 1206 1851 1320 1902; x_wconf 88' lang='lat' dir='ltr'>meruit.</span> <span class='ocrx_word' id='word_1_148' title='bbox 1333 1848 1397 1900; x_wconf 84' lang='lat' dir='ltr'>Dicet</span> 
     </span>
     <span class='ocr_line' id='line_1_16' title="bbox 183 1931 1397 1998; baseline -0.005 -14"><span class='ocrx_word' id='word_1_149' title='bbox 183 1934 311 1998; x_wconf 89' lang='lat' dir='ltr'>insuper,</span> <span class='ocrx_word' id='word_1_150' title='bbox 321 1934 396 1996; x_wconf 93' lang='lat' dir='ltr'>quod</span> <span class='ocrx_word' id='word_1_151' title='bbox 407 1931 494 1983; x_wconf 90' lang='lat' dir='ltr'>nichil</span> <span class='ocrx_word' id='word_1_152' title='bbox 505 1932 597 1996; x_wconf 85' lang='lat' dir='ltr'>magis</span> <span class='ocrx_word' id='word_1_153' title='bbox 609 1931 695 1981; x_wconf 88' lang='lat' dir='ltr'>babet</span> <span class='ocrx_word' id='word_1_154' title='bbox 704 1932 770 1981; x_wconf 91' lang='lat' dir='ltr'>odio</span> <span class='ocrx_word' id='word_1_155' title='bbox 783 1945 867 1993; x_wconf 89' lang='lat' dir='ltr'>quam</span> <span class='ocrx_word' id='word_1_156' title='bbox 879 1931 1035 1982; x_wconf 85' lang='lat' dir='ltr'>Valdenscs</span> <span class='ocrx_word' id='word_1_157' title='bbox 1049 1934 1078 1982; x_wconf 90' lang='lat' dir='ltr'>et</span> <span class='ocrx_word' id='word_1_158' title='bbox 1090 1931 1177 1983; x_wconf 82' lang='lat' dir='ltr'>vellet</span> <span class='ocrx_word' id='word_1_159' title='bbox 1189 1947 1290 1983; x_wconf 86' lang='lat' dir='ltr'>omnes</span> <span class='ocrx_word' id='word_1_160' title='bbox 1301 1935 1397 1983; x_wconf 84' lang='lat' dir='ltr'>exustos</span> 
     </span>
     <span class='ocr_line' id='line_1_17' title="bbox 184 2013 1398 2077; baseline -0.002 -11"><span class='ocrx_word' id='word_1_161' title='bbox 184 2029 257 2067; x_wconf 88' lang='lat' dir='ltr'>esse.</span> <span class='ocrx_word' id='word_1_162' title='bbox 270 2015 302 2065; x_wconf 89' lang='lat' dir='ltr'>In</span> <span class='ocrx_word' id='word_1_163' title='bbox 316 2014 394 2065; x_wconf 91' lang='lat' dir='ltr'>nullo</span> <span class='ocrx_word' id='word_1_164' title='bbox 408 2017 501 2065; x_wconf 86' lang='lat' dir='ltr'>tamen</span> <span class='ocrx_word' id='word_1_165' title='bbox 515 2014 623 2063; x_wconf 89' lang='lat' dir='ltr'>moveri</span> <span class='ocrx_word' id='word_1_166' title='bbox 636 2013 740 2063; x_wconf 87' lang='lat' dir='ltr'>debent</span> <span class='ocrx_word' id='word_1_167' title='bbox 750 2015 876 2063; x_wconf 88' lang='lat' dir='ltr'>astantes</span> <span class='ocrx_word' id='word_1_168' title='bbox 886 2016 1004 2077; x_wconf 88' lang='lat' dir='ltr'>propter</span> <span class='ocrx_word' id='word_1_169' title='bbox 1015 2013 1101 2064; x_wconf 86' lang='lat' dir='ltr'>verba</span> <span class='ocrx_word' id='word_1_170' title='bbox 1112 2016 1201 2064; x_wconf 85' lang='lat' dir='ltr'>suaet</span> <span class='ocrx_word' id='word_1_171' title='bbox 1212 2013 1398 2070; x_wconf 86' lang='lat' dir='ltr'>constanciam,</span> 
     </span>
     <span class='ocr_line' id='line_1_18' title="bbox 186 2095 1398 2160; baseline 0 -12"><span class='ocrx_word' id='word_1_172' title='bbox 186 2097 254 2160; x_wconf 91' lang='lat' dir='ltr'>quin</span> <span class='ocrx_word' id='word_1_173' title='bbox 267 2096 399 2148; x_wconf 86' lang='lat' dir='ltr'>adstatim</span> <span class='ocrx_word' id='word_1_174' title='bbox 417 2110 473 2146; x_wconf 92' lang='lat' dir='ltr'>uno</span> <span class='ocrx_word' id='word_1_175' title='bbox 486 2097 578 2146; x_wconf 88' lang='lat' dir='ltr'>tractu</span> <span class='ocrx_word' id='word_1_176' title='bbox 591 2095 747 2158; x_wconf 89' lang='lat' dir='ltr'>procedant</span> <span class='ocrx_word' id='word_1_177' title='bbox 765 2096 799 2144; x_wconf 87' lang='lat' dir='ltr'>ad</span> <span class='ocrx_word' id='word_1_178' title='bbox 818 2096 1074 2156; x_wconf 66' lang='lat' dir='ltr'>‹quaestionandum</span> <span class='ocrx_word' id='word_1_179' title='bbox 1092 2109 1166 2152; x_wconf 90' lang='lat' dir='ltr'>eum,</span> <span class='ocrx_word' id='word_1_180' title='bbox 1178 2096 1313 2159; x_wconf 88' lang='lat' dir='ltr'>quicquid</span> <span class='ocrx_word' id='word_1_181' title='bbox 1330 2095 1398 2148; x_wconf 65' lang='lat' dir='ltr'>dieat</span> 
     </span>
     <span class='ocr_line' id='line_1_19' title="bbox 185 2177 1398 2244; baseline -0.003 -15"><span class='ocrx_word' id='word_1_182' title='bbox 185 2193 278 2242; x_wconf 88' lang='lat' dir='ltr'>neque</span> <span class='ocrx_word' id='word_1_183' title='bbox 295 2179 478 2244; x_wconf 88' lang='lat' dir='ltr'>presentandi</span> <span class='ocrx_word' id='word_1_184' title='bbox 496 2180 563 2227; x_wconf 87' lang='lat' dir='ltr'>sunt</span> <span class='ocrx_word' id='word_1_185' title='bbox 580 2177 607 2227; x_wconf 91' lang='lat' dir='ltr'>ei</span> <span class='ocrx_word' id='word_1_186' title='bbox 625 2177 713 2226; x_wconf 86' lang='lat' dir='ltr'>testes</span> <span class='ocrx_word' id='word_1_187' title='bbox 730 2190 779 2225; x_wconf 91' lang='lat' dir='ltr'>scu</span> <span class='ocrx_word' id='word_1_188' title='bbox 793 2179 983 2234; x_wconf 84' lang='lat' dir='ltr'>accusatores,</span> <span class='ocrx_word' id='word_1_189' title='bbox 997 2178 1052 2227; x_wconf 90' lang='lat' dir='ltr'>nisi</span> <span class='ocrx_word' id='word_1_190' title='bbox 1064 2177 1225 2241; x_wconf 87' lang='lat' dir='ltr'>presciatur</span> <span class='ocrx_word' id='word_1_191' title='bbox 1237 2177 1398 2240; x_wconf 86' lang='lat' dir='ltr'>bonadispo·</span> 
     </span>
     <span class='ocr_line' id='line_1_20' title="bbox 185 2256 1398 2323; baseline -0.001 -13"><span class='ocrx_word' id='word_1_192' title='bbox 185 2260 252 2311; x_wconf 90' lang='lat' dir='ltr'>sitio</span> <span class='ocrx_word' id='word_1_193' title='bbox 270 2273 384 2320; x_wconf 73' lang='lat' dir='ltr'>eorum,</span> <span class='ocrx_word' id='word_1_194' title='bbox 403 2262 432 2309; x_wconf 90' lang='lat' dir='ltr'>ct</span> <span class='ocrx_word' id='word_1_195' title='bbox 449 2259 541 2309; x_wconf 88' lang='lat' dir='ltr'>adhuc</span> <span class='ocrx_word' id='word_1_196' title='bbox 559 2258 633 2308; x_wconf 84' lang='lat' dir='ltr'>bona</span> <span class='ocrx_word' id='word_1_197' title='bbox 650 2257 841 2321; x_wconf 84' lang='lat' dir='ltr'>disposicione</span> <span class='ocrx_word' id='word_1_198' title='bbox 859 2259 975 2309; x_wconf 90' lang='lat' dir='ltr'>testium</span> <span class='ocrx_word' id='word_1_199' title='bbox 994 2259 1121 2309; x_wconf 89' lang='lat' dir='ltr'>adhibita</span> <span class='ocrx_word' id='word_1_200' title='bbox 1137 2259 1273 2323; x_wconf 86' lang='lat' dir='ltr'>prescita,</span> <span class='ocrx_word' id='word_1_201' title='bbox 1286 2260 1330 2310; x_wconf 91' lang='lat' dir='ltr'>est</span> <span class='ocrx_word' id='word_1_202' title='bbox 1339 2256 1398 2322; x_wconf 85' lang='lat' dir='ltr'>peri·</span> 
     </span>
     <span class='ocr_line' id='line_1_21' title="bbox 185 2339 1399 2405; baseline -0.003 -14"><span class='ocrx_word' id='word_1_203' title='bbox 185 2340 280 2393; x_wconf 90' lang='lat' dir='ltr'>culum</span> <span class='ocrx_word' id='word_1_204' title='bbox 296 2342 331 2393; x_wconf 91' lang='lat' dir='ltr'>de</span> <span class='ocrx_word' id='word_1_205' title='bbox 348 2341 549 2405; x_wconf 88' lang='lat' dir='ltr'>presentando,</span> <span class='ocrx_word' id='word_1_206' title='bbox 563 2339 696 2402; x_wconf 90' lang='lat' dir='ltr'>quoniam</span> <span class='ocrx_word' id='word_1_207' title='bbox 715 2339 828 2403; x_wconf 83' lang='lat' dir='ltr'>signum</span> <span class='ocrx_word' id='word_1_208' title='bbox 841 2340 948 2391; x_wconf 91' lang='lat' dir='ltr'>habent</span> <span class='ocrx_word' id='word_1_209' title='bbox 965 2340 1080 2403; x_wconf 82' lang='lat' dir='ltr'>aliquod</span> <span class='ocrx_word' id='word_1_210' title='bbox 1092 2341 1168 2391; x_wconf 91' lang='lat' dir='ltr'>inter</span> <span class='ocrx_word' id='word_1_211' title='bbox 1180 2353 1221 2398; x_wconf 90' lang='lat' dir='ltr'>se,</span> <span class='ocrx_word' id='word_1_212' title='bbox 1234 2354 1287 2404; x_wconf 91' lang='lat' dir='ltr'>per</span> <span class='ocrx_word' id='word_1_213' title='bbox 1298 2340 1369 2403; x_wconf 91' lang='lat' dir='ltr'>quod</span> <span class='ocrx_word' id='word_1_214' title='bbox 1379 2339 1399 2388; x_wconf 88' lang='lat' dir='ltr'>in</span> 
     </span>
     <span class='ocr_line' id='line_1_22' title="bbox 184 2420 1400 2487; baseline -0.002 -14"><span class='ocrx_word' id='word_1_215' title='bbox 184 2424 335 2487; x_wconf 88' lang='lat' dir='ltr'>presencia</span> <span class='ocrx_word' id='word_1_216' title='bbox 354 2423 478 2473; x_wconf 87' lang='lat' dir='ltr'>accusati</span> <span class='ocrx_word' id='word_1_217' title='bbox 498 2422 642 2471; x_wconf 89' lang='lat' dir='ltr'>interdum</span> <span class='ocrx_word' id='word_1_218' title='bbox 663 2421 783 2471; x_wconf 88' lang='lat' dir='ltr'>variant.</span> <span class='ocrx_word' id='word_1_219' title='bbox 803 2420 1017 2473; x_wconf 88' lang='lat' dir='ltr'>Potesttamen</span> <span class='ocrx_word' id='word_1_220' title='bbox 1037 2423 1096 2486; x_wconf 87' lang='lat' dir='ltr'>peti</span> <span class='ocrx_word' id='word_1_221' title='bbox 1117 2422 1152 2472; x_wconf 88' lang='lat' dir='ltr'>ab</span> <span class='ocrx_word' id='word_1_222' title='bbox 1173 2436 1217 2478; x_wconf 87' lang='lat' dir='ltr'>eo,</span> <span class='ocrx_word' id='word_1_223' title='bbox 1239 2423 1265 2473; x_wconf 88' lang='lat' dir='ltr'>si</span> <span class='ocrx_word' id='word_1_224' title='bbox 1285 2423 1400 2473; x_wconf 82' lang='lat' dir='ltr'>videatur</span> 
     </span>
     <span class='ocr_line' id='line_1_23' title="bbox 186 2502 1400 2569; baseline 0 -15"><span class='ocrx_word' id='word_1_225' title='bbox 186 2505 333 2569; x_wconf 87' lang='lat' dir='ltr'>expedire,</span> <span class='ocrx_word' id='word_1_226' title='bbox 346 2518 381 2555; x_wconf 88' lang='lat' dir='ltr'>an</span> <span class='ocrx_word' id='word_1_227' title='bbox 400 2503 469 2554; x_wconf 86' lang='lat' dir='ltr'>velit</span> <span class='ocrx_word' id='word_1_228' title='bbox 486 2517 517 2554; x_wconf 87' lang='lat' dir='ltr'>se</span> <span class='ocrx_word' id='word_1_229' title='bbox 535 2504 653 2554; x_wconf 81' lang='lat' dir='ltr'>retierre</span> <span class='ocrx_word' id='word_1_230' title='bbox 667 2502 797 2553; x_wconf 89' lang='lat' dir='ltr'>testibus.</span> <span class='ocrx_word' id='word_1_231' title='bbox 811 2504 894 2554; x_wconf 89' lang='lat' dir='ltr'>Dicet</span> <span class='ocrx_word' id='word_1_232' title='bbox 905 2505 1011 2567; x_wconf 88' lang='lat' dir='ltr'>sepius,</span> <span class='ocrx_word' id='word_1_233' title='bbox 1024 2505 1099 2567; x_wconf 88' lang='lat' dir='ltr'>quod</span> <span class='ocrx_word' id='word_1_234' title='bbox 1112 2518 1168 2554; x_wconf 88' lang='lat' dir='ltr'>non</span> <span class='ocrx_word' id='word_1_235' title='bbox 1181 2505 1210 2554; x_wconf 88' lang='lat' dir='ltr'>et</span> <span class='ocrx_word' id='word_1_236' title='bbox 1222 2504 1298 2566; x_wconf 89' lang='lat' dir='ltr'>quod</span> <span class='ocrx_word' id='word_1_237' title='bbox 1311 2505 1400 2554; x_wconf 87' lang='lat' dir='ltr'>misere</span> 
     </span>
     <span class='ocr_line' id='line_1_24' title="bbox 185 2582 1401 2650; baseline -0.002 -14"><span class='ocrx_word' id='word_1_238' title='bbox 185 2588 395 2650; x_wconf 84' lang='lat' dir='ltr'>suntpersone,</span> <span class='ocrx_word' id='word_1_239' title='bbox 408 2588 437 2636; x_wconf 92' lang='lat' dir='ltr'>et</span> <span class='ocrx_word' id='word_1_240' title='bbox 454 2584 568 2649; x_wconf 82' lang='lat' dir='ltr'>signum</span> <span class='ocrx_word' id='word_1_241' title='bbox 586 2584 651 2645; x_wconf 90' lang='lat' dir='ltr'>erit,</span> <span class='ocrx_word' id='word_1_242' title='bbox 667 2585 742 2646; x_wconf 91' lang='lat' dir='ltr'>quod</span> <span class='ocrx_word' id='word_1_243' title='bbox 760 2582 911 2648; x_wconf 88' lang='lat' dir='ltr'>culpabilis</span> <span class='ocrx_word' id='word_1_244' title='bbox 929 2588 981 2636; x_wconf 87' lang='lat' dir='ltr'>est.</span> <span class='ocrx_word' id='word_1_245' title='bbox 996 2586 1025 2636; x_wconf 87' lang='lat' dir='ltr'>Si</span> <span class='ocrx_word' id='word_1_246' title='bbox 1043 2585 1128 2642; x_wconf 88' lang='lat' dir='ltr'>dicat,</span> <span class='ocrx_word' id='word_1_247' title='bbox 1141 2586 1216 2648; x_wconf 91' lang='lat' dir='ltr'>quod</span> <span class='ocrx_word' id='word_1_248' title='bbox 1236 2585 1288 2642; x_wconf 90' lang='lat' dir='ltr'>sic,</span> <span class='ocrx_word' id='word_1_249' title='bbox 1301 2584 1401 2650; x_wconf 84' lang='lat' dir='ltr'>ipseeis</span> 
     </span>
     <span class='ocr_line' id='line_1_25' title="bbox 187 2665 1402 2731; baseline -0.003 -13"><span class='ocrx_word' id='word_1_250' title='bbox 187 2667 292 2718; x_wconf 85' lang='lat' dir='ltr'>auditis</span> <span class='ocrx_word' id='word_1_251' title='bbox 313 2681 369 2718; x_wconf 92' lang='lat' dir='ltr'>non</span> <span class='ocrx_word' id='word_1_252' title='bbox 388 2681 418 2718; x_wconf 91' lang='lat' dir='ltr'>se</span> <span class='ocrx_word' id='word_1_253' title='bbox 436 2667 553 2717; x_wconf 81' lang='lat' dir='ltr'>retieret</span> <span class='ocrx_word' id='word_1_254' title='bbox 570 2666 600 2716; x_wconf 89' lang='lat' dir='ltr'>et</span> <span class='ocrx_word' id='word_1_255' title='bbox 617 2665 787 2729; x_wconf 86' lang='lat' dir='ltr'>perderetur</span> <span class='ocrx_word' id='word_1_256' title='bbox 805 2667 916 2729; x_wconf 89' lang='lat' dir='ltr'>tempus</span> <span class='ocrx_word' id='word_1_257' title='bbox 934 2669 963 2717; x_wconf 90' lang='lat' dir='ltr'>et</span> <span class='ocrx_word' id='word_1_258' title='bbox 980 2667 1159 2731; x_wconf 82' lang='lat' dir='ltr'>presentecio</span> <span class='ocrx_word' id='word_1_259' title='bbox 1178 2665 1238 2716; x_wconf 89' lang='lat' dir='ltr'>illa.</span> <span class='ocrx_word' id='word_1_260' title='bbox 1259 2667 1331 2717; x_wconf 88' lang='lat' dir='ltr'>Dum</span> <span class='ocrx_word' id='word_1_261' title='bbox 1348 2678 1402 2718; x_wconf 81' lang='lat' dir='ltr'>vero</span> 
     </span>
     <span class='ocr_line' id='line_1_26' title="bbox 184 2747 1403 2812; baseline -0.004 -12"><span class='ocrx_word' id='word_1_262' title='bbox 184 2748 328 2812; x_wconf 88' lang='lat' dir='ltr'>questioni</span> <span class='ocrx_word' id='word_1_263' title='bbox 340 2749 462 2805; x_wconf 83' lang='lat' dir='ltr'>dabitur,</span> <span class='ocrx_word' id='word_1_264' title='bbox 476 2747 633 2812; x_wconf 87' lang='lat' dir='ltr'>appellabit</span> <span class='ocrx_word' id='word_1_265' title='bbox 644 2747 679 2796; x_wconf 92' lang='lat' dir='ltr'>ad</span> <span class='ocrx_word' id='word_1_266' title='bbox 692 2747 818 2797; x_wconf 86' lang='lat' dir='ltr'>divinum</span> <span class='ocrx_word' id='word_1_267' title='bbox 832 2747 968 2798; x_wconf 90' lang='lat' dir='ltr'>iudicium</span> <span class='ocrx_word' id='word_1_268' title='bbox 981 2751 1010 2799; x_wconf 88' lang='lat' dir='ltr'>et</span> <span class='ocrx_word' id='word_1_269' title='bbox 1022 2749 1098 2799; x_wconf 90' lang='lat' dir='ltr'>dicet</span> <span class='ocrx_word' id='word_1_270' title='bbox 1109 2748 1303 2811; x_wconf 85' lang='lat' dir='ltr'>presentibus,</span> <span class='ocrx_word' id='word_1_271' title='bbox 1316 2763 1346 2800; x_wconf 90' lang='lat' dir='ltr'>se</span> <span class='ocrx_word' id='word_1_272' title='bbox 1358 2760 1403 2799; x_wconf 88' lang='lat' dir='ltr'>non</span> 
     </span>
     <span class='ocr_line' id='line_1_27' title="bbox 183 2828 1403 2894; baseline -0.002 -12"><span class='ocrx_word' id='word_1_273' title='bbox 183 2832 334 2890; x_wconf 89' lang='lat' dir='ltr'>dicturum,</span> <span class='ocrx_word' id='word_1_274' title='bbox 345 2830 420 2894; x_wconf 91' lang='lat' dir='ltr'>quod</span> <span class='ocrx_word' id='word_1_275' title='bbox 430 2831 530 2887; x_wconf 87' lang='lat' dir='ltr'>nescit,</span> <span class='ocrx_word' id='word_1_276' title='bbox 540 2830 686 2893; x_wconf 82' lang='lat' dir='ltr'>petatque,</span> <span class='ocrx_word' id='word_1_277' title='bbox 697 2828 830 2890; x_wconf 90' lang='lat' dir='ltr'>quicquid</span> <span class='ocrx_word' id='word_1_278' title='bbox 843 2828 932 2879; x_wconf 86' lang='lat' dir='ltr'>velint</span> <span class='ocrx_word' id='word_1_279' title='bbox 941 2843 1006 2880; x_wconf 91' lang='lat' dir='ltr'>eum</span> <span class='ocrx_word' id='word_1_280' title='bbox 1016 2829 1111 2880; x_wconf 87' lang='lat' dir='ltr'>dicere</span> <span class='ocrx_word' id='word_1_281' title='bbox 1121 2829 1403 2893; x_wconf 78' lang='lat' dir='ltr'>deberePriusquen</span> 
     </span>
     <span class='ocr_line' id='line_1_28' title="bbox 183 2909 1405 2975; baseline -0.003 -12"><span class='ocrx_word' id='word_1_282' title='bbox 183 2914 278 2963; x_wconf 85' lang='lat' dir='ltr'>tumen</span> <span class='ocrx_word' id='word_1_283' title='bbox 296 2912 503 2975; x_wconf 88' lang='lat' dir='ltr'>questionetur,</span> <span class='ocrx_word' id='word_1_284' title='bbox 517 2911 635 2961; x_wconf 88' lang='lat' dir='ltr'>deberet</span> <span class='ocrx_word' id='word_1_285' title='bbox 652 2909 768 2959; x_wconf 89' lang='lat' dir='ltr'>omnino</span> <span class='ocrx_word' id='word_1_286' title='bbox 785 2911 852 2961; x_wconf 90' lang='lat' dir='ltr'>exui</span> <span class='ocrx_word' id='word_1_287' title='bbox 870 2911 1046 2961; x_wconf 87' lang='lat' dir='ltr'>vestimentis</span> <span class='ocrx_word' id='word_1_288' title='bbox 1059 2911 1128 2968; x_wconf 85' lang='lat' dir='ltr'>suis,</span> <span class='ocrx_word' id='word_1_289' title='bbox 1141 2910 1203 2961; x_wconf 91' lang='lat' dir='ltr'>radi</span> <span class='ocrx_word' id='word_1_290' title='bbox 1216 2913 1246 2961; x_wconf 91' lang='lat' dir='ltr'>et</span> <span class='ocrx_word' id='word_1_291' title='bbox 1257 2911 1366 2962; x_wconf 86' lang='lat' dir='ltr'>visitari</span> <span class='ocrx_word' id='word_1_292' title='bbox 1381 2911 1405 2960; x_wconf 91' lang='lat' dir='ltr'>io</span> 
     </span>
     <span class='ocr_line' id='line_1_29' title="bbox 181 2992 1404 3059; baseline 0 -15"><span class='ocrx_word' id='word_1_293' title='bbox 181 2993 310 3059; x_wconf 86' lang='lat' dir='ltr'>partibus</span> <span class='ocrx_word' id='word_1_294' title='bbox 319 2993 461 3055; x_wconf 90' lang='lat' dir='ltr'>omnibus,</span> <span class='ocrx_word' id='word_1_295' title='bbox 471 2992 609 3042; x_wconf 87' lang='lat' dir='ltr'>deberent</span> <span class='ocrx_word' id='word_1_296' title='bbox 618 3004 729 3056; x_wconf 85' lang='lat' dir='ltr'>ungues</span> <span class='ocrx_word' id='word_1_297' title='bbox 741 2992 885 3055; x_wconf 80' lang='lat' dir='ltr'>proscindi</span> <span class='ocrx_word' id='word_1_298' title='bbox 894 2995 1012 3056; x_wconf 87' lang='lat' dir='ltr'>propter</span> <span class='ocrx_word' id='word_1_299' title='bbox 1022 2993 1135 3057; x_wconf 89' lang='lat' dir='ltr'>signum</span> <span class='ocrx_word' id='word_1_300' title='bbox 1144 2994 1220 3056; x_wconf 86' lang='lat' dir='ltr'>pacti</span> <span class='ocrx_word' id='word_1_301' title='bbox 1230 3007 1283 3044; x_wconf 89' lang='lat' dir='ltr'>seu</span> <span class='ocrx_word' id='word_1_302' title='bbox 1294 2994 1404 3057; x_wconf 86' lang='lat' dir='ltr'>propter</span> 
     </span>
     <span class='ocr_line' id='line_1_30' title="bbox 182 3072 1406 3140; baseline -0.001 -14"><span class='ocrx_word' id='word_1_303' title='bbox 182 3073 298 3138; x_wconf 87' lang='lat' dir='ltr'>aliquod</span> <span class='ocrx_word' id='word_1_304' title='bbox 317 3072 466 3138; x_wconf 88' lang='lat' dir='ltr'>corporale</span> <span class='ocrx_word' id='word_1_305' title='bbox 487 3086 606 3137; x_wconf 88' lang='lat' dir='ltr'>parvum</span> <span class='ocrx_word' id='word_1_306' title='bbox 626 3073 723 3122; x_wconf 87' lang='lat' dir='ltr'>datum</span> <span class='ocrx_word' id='word_1_307' title='bbox 739 3086 756 3122; x_wconf 89' lang='lat' dir='ltr'>a</span> <span class='ocrx_word' id='word_1_308' title='bbox 774 3073 903 3134; x_wconf 91' lang='lat' dir='ltr'>demone,</span> <span class='ocrx_word' id='word_1_309' title='bbox 917 3076 949 3124; x_wconf 89' lang='lat' dir='ltr'>ut</span> <span class='ocrx_word' id='word_1_310' title='bbox 968 3088 1089 3139; x_wconf 73' lang='lat' dir='ltr'>greum</span> <span class='ocrx_word' id='word_1_311' title='bbox 1107 3073 1232 3137; x_wconf 83' lang='lat' dir='ltr'>aliquod,</span> <span class='ocrx_word' id='word_1_312' title='bbox 1245 3074 1291 3126; x_wconf 85' lang='lat' dir='ltr'>vel</span> <span class='ocrx_word' id='word_1_313' title='bbox 1311 3074 1406 3140; x_wconf 88' lang='lat' dir='ltr'>pilum,</span> 
     </span>
     <span class='ocr_line' id='line_1_31' title="bbox 182 3153 1411 3220; baseline -0.004 -12"><span class='ocrx_word' id='word_1_314' title='bbox 182 3156 298 3208; x_wconf 86' lang='lat' dir='ltr'>anulum</span> <span class='ocrx_word' id='word_1_315' title='bbox 311 3155 355 3207; x_wconf 89' lang='lat' dir='ltr'>vel</span> <span class='ocrx_word' id='word_1_316' title='bbox 367 3154 447 3205; x_wconf 85' lang='lat' dir='ltr'>illum</span> <span class='ocrx_word' id='word_1_317' title='bbox 459 3157 508 3205; x_wconf 88' lang='lat' dir='ltr'>aut</span> <span class='ocrx_word' id='word_1_318' title='bbox 520 3154 627 3218; x_wconf 89' lang='lat' dir='ltr'>aliquid</span> <span class='ocrx_word' id='word_1_319' title='bbox 640 3153 706 3213; x_wconf 90' lang='lat' dir='ltr'>tale,</span> <span class='ocrx_word' id='word_1_320' title='bbox 720 3168 775 3217; x_wconf 92' lang='lat' dir='ltr'>quo</span> <span class='ocrx_word' id='word_1_321' title='bbox 789 3155 930 3206; x_wconf 84' lang='lat' dir='ltr'>existente</span> <span class='ocrx_word' id='word_1_322' title='bbox 942 3169 1028 3220; x_wconf 90' lang='lat' dir='ltr'>super</span> <span class='ocrx_word' id='word_1_323' title='bbox 1040 3157 1082 3207; x_wconf 88' lang='lat' dir='ltr'>eis</span> <span class='ocrx_word' id='word_1_324' title='bbox 1094 3158 1212 3220; x_wconf 89' lang='lat' dir='ltr'>sperant</span> <span class='ocrx_word' id='word_1_325' title='bbox 1223 3157 1252 3206; x_wconf 91' lang='lat' dir='ltr'>in</span> <span class='ocrx_word' id='word_1_326' title='bbox 1266 3155 1373 3208; x_wconf 84' lang='lat' dir='ltr'>auxilio</span> <span class='ocrx_word' id='word_1_327' title='bbox 1382 3155 1411 3208; x_wconf 87' lang='lat' dir='ltr'>et</span> 
     </span>
     <span class='ocr_line' id='line_1_32' title="bbox 182 3237 1409 3301; baseline -0.001 -13"><span class='ocrx_word' id='word_1_328' title='bbox 182 3251 318 3289; x_wconf 82' lang='lat' dir='ltr'>succursu</span> <span class='ocrx_word' id='word_1_329' title='bbox 331 3237 469 3294; x_wconf 88' lang='lat' dir='ltr'>demonis,</span> <span class='ocrx_word' id='word_1_330' title='bbox 481 3250 572 3300; x_wconf 88' lang='lat' dir='ltr'>neque</span> <span class='ocrx_word' id='word_1_331' title='bbox 582 3251 681 3288; x_wconf 90' lang='lat' dir='ltr'>verum</span> <span class='ocrx_word' id='word_1_332' title='bbox 690 3237 856 3288; x_wconf 80' lang='lat' dir='ltr'>fatebuntur</span> <span class='ocrx_word' id='word_1_333' title='bbox 865 3251 900 3288; x_wconf 90' lang='lat' dir='ltr'>ex</span> <span class='ocrx_word' id='word_1_334' title='bbox 910 3238 1052 3301; x_wconf 89' lang='lat' dir='ltr'>promisso</span> <span class='ocrx_word' id='word_1_335' title='bbox 1062 3251 1126 3288; x_wconf 91' lang='lat' dir='ltr'>eum</span> <span class='ocrx_word' id='word_1_336' title='bbox 1138 3238 1269 3296; x_wconf 89' lang='lat' dir='ltr'>demone,</span> <span class='ocrx_word' id='word_1_337' title='bbox 1280 3239 1409 3301; x_wconf 86' lang='lat' dir='ltr'>quamdiu</span> 
     </span>
     <span class='ocr_line' id='line_1_33' title="bbox 183 3317 1411 3385; baseline 0.002 -16"><span class='ocrx_word' id='word_1_338' title='bbox 183 3319 297 3385; x_wconf 81' lang='lat' dir='ltr'>signum</span> <span class='ocrx_word' id='word_1_339' title='bbox 315 3317 372 3370; x_wconf 89' lang='lat' dir='ltr'>tale</span> <span class='ocrx_word' id='word_1_340' title='bbox 389 3318 542 3377; x_wconf 91' lang='lat' dir='ltr'>habebunt,</span> <span class='ocrx_word' id='word_1_341' title='bbox 557 3319 606 3368; x_wconf 85' lang='lat' dir='ltr'>aut</span> <span class='ocrx_word' id='word_1_342' title='bbox 623 3319 647 3368; x_wconf 93' lang='lat' dir='ltr'>si</span> <span class='ocrx_word' id='word_1_343' title='bbox 663 3319 818 3376; x_wconf 86' lang='lat' dir='ltr'>lateantur,</span> <span class='ocrx_word' id='word_1_344' title='bbox 832 3318 965 3369; x_wconf 89' lang='lat' dir='ltr'>adstatim</span> <span class='ocrx_word' id='word_1_345' title='bbox 978 3319 1083 3380; x_wconf 90' lang='lat' dir='ltr'>dicent,</span> <span class='ocrx_word' id='word_1_346' title='bbox 1097 3333 1127 3370; x_wconf 91' lang='lat' dir='ltr'>se</span> <span class='ocrx_word' id='word_1_347' title='bbox 1139 3320 1166 3369; x_wconf 86' lang='lat' dir='ltr'>vi</span> <span class='ocrx_word' id='word_1_348' title='bbox 1179 3320 1291 3371; x_wconf 84' lang='lat' dir='ltr'>tortura</span> <span class='ocrx_word' id='word_1_349' title='bbox 1302 3321 1411 3372; x_wconf 82' lang='lat' dir='ltr'>contes-</span> 
     </span>
     <span class='ocr_line' id='line_1_34' title="bbox 182 3414 314 3452; baseline -0.008 0"><span class='ocrx_word' id='word_1_350' title='bbox 182 3415 230 3452; x_wconf 83' lang='lat' dir='ltr'>sos</span> <span class='ocrx_word' id='word_1_351' title='bbox 242 3414 314 3452; x_wconf 89' lang='lat' dir='ltr'>esse.</span> 
     </span>
    </p>

    <p class='ocr_par' dir='ltr' id='par_1_4' title="bbox 176 3481 1420 4534">
     <span class='ocr_line' id='line_1_35' title="bbox 213 3481 1407 3546; baseline 0 -13"><span class='ocrx_word' id='word_1_352' title='bbox 213 3482 342 3533; x_wconf 78' lang='lat' dir='ltr'>visitatis</span> <span class='ocrx_word' id='word_1_353' title='bbox 358 3483 454 3533; x_wconf 85' lang='lat' dir='ltr'>autem</span> <span class='ocrx_word' id='word_1_354' title='bbox 470 3482 603 3546; x_wconf 86' lang='lat' dir='ltr'>perprius</span> <span class='ocrx_word' id='word_1_355' title='bbox 621 3482 853 3532; x_wconf 86' lang='lat' dir='ltr'>accusacionibus</span> <span class='ocrx_word' id='word_1_356' title='bbox 871 3481 915 3532; x_wconf 88' lang='lat' dir='ltr'>vel</span> <span class='ocrx_word' id='word_1_357' title='bbox 933 3483 1117 3533; x_wconf 87' lang='lat' dir='ltr'>accusacione</span> <span class='ocrx_word' id='word_1_358' title='bbox 1137 3496 1202 3533; x_wconf 90' lang='lat' dir='ltr'>cum</span> <span class='ocrx_word' id='word_1_359' title='bbox 1214 3483 1346 3535; x_wconf 90' lang='lat' dir='ltr'>omnibus</span> <span class='ocrx_word' id='word_1_360' title='bbox 1357 3484 1407 3534; x_wconf 89' lang='lat' dir='ltr'>eir·</span> 
     </span>
     <span class='ocr_line' id='line_1_36' title="bbox 181 3562 1411 3630; baseline 0 -15"><span class='ocrx_word' id='word_1_361' title='bbox 181 3564 364 3616; x_wconf 86' lang='lat' dir='ltr'>cumstancits</span> <span class='ocrx_word' id='word_1_362' title='bbox 381 3577 434 3628; x_wconf 88' lang='lat' dir='ltr'>per</span> <span class='ocrx_word' id='word_1_363' title='bbox 451 3563 627 3620; x_wconf 89' lang='lat' dir='ltr'>assistentes,</span> <span class='ocrx_word' id='word_1_364' title='bbox 646 3563 670 3612; x_wconf 91' lang='lat' dir='ltr'>si</span> <span class='ocrx_word' id='word_1_365' title='bbox 689 3577 745 3612; x_wconf 91' lang='lat' dir='ltr'>non</span> <span class='ocrx_word' id='word_1_366' title='bbox 764 3562 941 3628; x_wconf 81' lang='lat' dir='ltr'>ingrediatur</span> <span class='ocrx_word' id='word_1_367' title='bbox 959 3564 1155 3625; x_wconf 88' lang='lat' dir='ltr'>questionatus</span> <span class='ocrx_word' id='word_1_368' title='bbox 1172 3566 1200 3615; x_wconf 92' lang='lat' dir='ltr'>et</span> <span class='ocrx_word' id='word_1_369' title='bbox 1219 3565 1411 3630; x_wconf 78' lang='lat' dir='ltr'>interrogatus</span> 
     </span>
     <span class='ocr_line' id='line_1_37' title="bbox 180 3643 1405 3711; baseline 0 -14"><span class='ocrx_word' id='word_1_370' title='bbox 180 3660 233 3711; x_wconf 87' lang='lat' dir='ltr'>pro</span> <span class='ocrx_word' id='word_1_371' title='bbox 245 3647 306 3697; x_wconf 89' lang='lat' dir='ltr'>viee</span> <span class='ocrx_word' id='word_1_372' title='bbox 318 3645 369 3696; x_wconf 90' lang='lat' dir='ltr'>illa</span> <span class='ocrx_word' id='word_1_373' title='bbox 379 3645 598 3702; x_wconf 84' lang='lat' dir='ltr'>contessionem,</span> <span class='ocrx_word' id='word_1_374' title='bbox 611 3643 724 3694; x_wconf 79' lang='lat' dir='ltr'>calefiat</span> <span class='ocrx_word' id='word_1_375' title='bbox 735 3646 765 3695; x_wconf 90' lang='lat' dir='ltr'>et</span> <span class='ocrx_word' id='word_1_376' title='bbox 776 3645 849 3695; x_wconf 89' lang='lat' dir='ltr'>bene</span> <span class='ocrx_word' id='word_1_377' title='bbox 861 3646 997 3708; x_wconf 89' lang='lat' dir='ltr'>pensetur</span> <span class='ocrx_word' id='word_1_378' title='bbox 1009 3647 1038 3696; x_wconf 90' lang='lat' dir='ltr'>et</span> <span class='ocrx_word' id='word_1_379' title='bbox 1049 3644 1237 3696; x_wconf 76' lang='lat' dir='ltr'>refocilletur.</span> <span class='ocrx_word' id='word_1_380' title='bbox 1250 3645 1313 3706; x_wconf 89' lang='lat' dir='ltr'>Quo</span> <span class='ocrx_word' id='word_1_381' title='bbox 1326 3649 1405 3704; x_wconf 84' lang='lat' dir='ltr'>iacto,</span> 
     </span>
     <span class='ocr_line' id='line_1_38' title="bbox 180 3724 1407 3788; baseline 0.001 -10"><span class='ocrx_word' id='word_1_382' title='bbox 180 3726 367 3786; x_wconf 84' lang='lat' dir='ltr'>relocillatus,</span> <span class='ocrx_word' id='word_1_383' title='bbox 389 3727 456 3777; x_wconf 89' lang='lat' dir='ltr'>dum</span> <span class='ocrx_word' id='word_1_384' title='bbox 476 3724 558 3776; x_wconf 92' lang='lat' dir='ltr'>dolor</span> <span class='ocrx_word' id='word_1_385' title='bbox 580 3738 681 3777; x_wconf 87' lang='lat' dir='ltr'>recens</span> <span class='ocrx_word' id='word_1_386' title='bbox 702 3728 755 3783; x_wconf 89' lang='lat' dir='ltr'>est,</span> <span class='ocrx_word' id='word_1_387' title='bbox 777 3727 940 3776; x_wconf 87' lang='lat' dir='ltr'>remittatur</span> <span class='ocrx_word' id='word_1_388' title='bbox 960 3726 995 3776; x_wconf 88' lang='lat' dir='ltr'>ad</span> <span class='ocrx_word' id='word_1_389' title='bbox 1019 3727 1197 3788; x_wconf 88' lang='lat' dir='ltr'>questionem</span> <span class='ocrx_word' id='word_1_390' title='bbox 1218 3729 1317 3778; x_wconf 87' lang='lat' dir='ltr'>autin</span> <span class='ocrx_word' id='word_1_391' title='bbox 1337 3731 1407 3781; x_wconf 86' lang='lat' dir='ltr'>tetro</span> 
     </span>
     <span class='ocr_line' id='line_1_39' title="bbox 181 3807 1410 3871; baseline 0 -11"><span class='ocrx_word' id='word_1_392' title='bbox 181 3823 297 3861; x_wconf 83' lang='lat' dir='ltr'>earcere</span> <span class='ocrx_word' id='word_1_393' title='bbox 307 3807 473 3860; x_wconf 87' lang='lat' dir='ltr'>recludatur</span> <span class='ocrx_word' id='word_1_394' title='bbox 485 3808 515 3858; x_wconf 92' lang='lat' dir='ltr'>et</span> <span class='ocrx_word' id='word_1_395' title='bbox 526 3820 612 3871; x_wconf 87' lang='lat' dir='ltr'>parce</span> <span class='ocrx_word' id='word_1_396' title='bbox 624 3809 710 3870; x_wconf 87' lang='lat' dir='ltr'>atque</span> <span class='ocrx_word' id='word_1_397' title='bbox 723 3810 837 3858; x_wconf 87' lang='lat' dir='ltr'>austere</span> <span class='ocrx_word' id='word_1_398' title='bbox 852 3808 1004 3865; x_wconf 87' lang='lat' dir='ltr'>nutriatur,</span> <span class='ocrx_word' id='word_1_399' title='bbox 1019 3809 1153 3870; x_wconf 87' lang='lat' dir='ltr'>quoniam</span> <span class='ocrx_word' id='word_1_400' title='bbox 1165 3807 1305 3861; x_wconf 85' lang='lat' dir='ltr'>obscurus</span> <span class='ocrx_word' id='word_1_401' title='bbox 1316 3823 1410 3862; x_wconf 85' lang='lat' dir='ltr'>carcer</span> 
     </span>
     <span class='ocr_line' id='line_1_40' title="bbox 181 3887 1411 3957; baseline 0.001 -14"><span class='ocrx_word' id='word_1_402' title='bbox 181 3893 211 3943; x_wconf 92' lang='lat' dir='ltr'>et</span> <span class='ocrx_word' id='word_1_403' title='bbox 221 3891 346 3956; x_wconf 88' lang='lat' dir='ltr'>parcitas</span> <span class='ocrx_word' id='word_1_404' title='bbox 357 3903 409 3942; x_wconf 85' lang='lat' dir='ltr'>seu</span> <span class='ocrx_word' id='word_1_405' title='bbox 421 3889 573 3940; x_wconf 86' lang='lat' dir='ltr'>austeritas</span> <span class='ocrx_word' id='word_1_406' title='bbox 586 3888 676 3938; x_wconf 86' lang='lat' dir='ltr'>victus</span> <span class='ocrx_word' id='word_1_407' title='bbox 688 3887 808 3939; x_wconf 91' lang='lat' dir='ltr'>multum</span> <span class='ocrx_word' id='word_1_408' title='bbox 821 3891 1021 3953; x_wconf 88' lang='lat' dir='ltr'>operantur,ut</span> <span class='ocrx_word' id='word_1_409' title='bbox 1033 3890 1096 3952; x_wconf 90' lang='lat' dir='ltr'>quis</span> <span class='ocrx_word' id='word_1_410' title='bbox 1107 3903 1189 3940; x_wconf 91' lang='lat' dir='ltr'>suum</span> <span class='ocrx_word' id='word_1_411' title='bbox 1202 3904 1301 3942; x_wconf 88' lang='lat' dir='ltr'>essum</span> <span class='ocrx_word' id='word_1_412' title='bbox 1313 3905 1411 3957; x_wconf 84' lang='lat' dir='ltr'>agnos·</span> 
     </span>
     <span class='ocr_line' id='line_1_41' title="bbox 181 3968 1412 4036; baseline 0.002 -12"><span class='ocrx_word' id='word_1_413' title='bbox 181 3973 236 4032; x_wconf 87' lang='lat' dir='ltr'>cat,</span> <span class='ocrx_word' id='word_1_414' title='bbox 249 3986 314 4024; x_wconf 90' lang='lat' dir='ltr'>cum</span> <span class='ocrx_word' id='word_1_415' title='bbox 326 3971 480 4036; x_wconf 81' lang='lat' dir='ltr'>asperitate</span> <span class='ocrx_word' id='word_1_416' title='bbox 492 3969 627 4033; x_wconf 91' lang='lat' dir='ltr'>loquendi</span> <span class='ocrx_word' id='word_1_417' title='bbox 639 3968 801 4032; x_wconf 89' lang='lat' dir='ltr'>aliquorum</span> <span class='ocrx_word' id='word_1_418' title='bbox 812 3971 1079 4029; x_wconf 85' lang='lat' dir='ltr'>remonstrancium,</span> <span class='ocrx_word' id='word_1_419' title='bbox 1087 3972 1162 4034; x_wconf 92' lang='lat' dir='ltr'>quod</span> <span class='ocrx_word' id='word_1_420' title='bbox 1175 3984 1274 4022; x_wconf 89' lang='lat' dir='ltr'>verum</span> <span class='ocrx_word' id='word_1_421' title='bbox 1287 3973 1372 4033; x_wconf 85' lang='lat' dir='ltr'>dicat,</span> <span class='ocrx_word' id='word_1_422' title='bbox 1384 3975 1412 4026; x_wconf 87' lang='lat' dir='ltr'>et</span> 
     </span>
     <span class='ocr_line' id='line_1_42' title="bbox 181 4051 1413 4124; baseline 0.003 -20"><span class='ocrx_word' id='word_1_423' title='bbox 181 4054 332 4106; x_wconf 87' lang='lat' dir='ltr'>dulcedine</span> <span class='ocrx_word' id='word_1_424' title='bbox 352 4053 484 4104; x_wconf 85' lang='lat' dir='ltr'>aliorum.</span> <span class='ocrx_word' id='word_1_425' title='bbox 506 4051 536 4103; x_wconf 87' lang='lat' dir='ltr'>Si</span> <span class='ocrx_word' id='word_1_426' title='bbox 559 4064 627 4102; x_wconf 81' lang='lat' dir='ltr'>vero</span> <span class='ocrx_word' id='word_1_427' title='bbox 651 4052 860 4103; x_wconf 85' lang='lat' dir='ltr'>contessionem</span> <span class='ocrx_word' id='word_1_428' title='bbox 884 4052 928 4102; x_wconf 91' lang='lat' dir='ltr'>sui</span> <span class='ocrx_word' id='word_1_429' title='bbox 951 4066 1033 4103; x_wconf 88' lang='lat' dir='ltr'>casus</span> <span class='ocrx_word' id='word_1_430' title='bbox 1056 4052 1206 4108; x_wconf 81' lang='lat' dir='ltr'>subintret,</span> <span class='ocrx_word' id='word_1_431' title='bbox 1232 4053 1413 4124; x_wconf 83' lang='lat' dir='ltr'>interrogent</span> 
     </span>
     <span class='ocr_line' id='line_1_43' title="bbox 180 4133 1413 4198; baseline 0.002 -10"><span class='ocrx_word' id='word_1_432' title='bbox 180 4137 305 4188; x_wconf 60' lang='lat' dir='ltr'>mantes</span> <span class='ocrx_word' id='word_1_433' title='bbox 317 4133 437 4194; x_wconf 88' lang='lat' dir='ltr'>deloco,</span> <span class='ocrx_word' id='word_1_434' title='bbox 451 4135 481 4185; x_wconf 86' lang='lat' dir='ltr'>in</span> <span class='ocrx_word' id='word_1_435' title='bbox 494 4148 549 4198; x_wconf 91' lang='lat' dir='ltr'>quo</span> <span class='ocrx_word' id='word_1_436' title='bbox 561 4133 617 4184; x_wconf 86' lang='lat' dir='ltr'>iuit</span> <span class='ocrx_word' id='word_1_437' title='bbox 629 4135 658 4185; x_wconf 91' lang='lat' dir='ltr'>et</span> <span class='ocrx_word' id='word_1_438' title='bbox 670 4147 733 4183; x_wconf 90' lang='lat' dir='ltr'>eum</span> <span class='ocrx_word' id='word_1_439' title='bbox 747 4147 812 4196; x_wconf 90' lang='lat' dir='ltr'>quo,</span> <span class='ocrx_word' id='word_1_440' title='bbox 825 4147 876 4184; x_wconf 88' lang='lat' dir='ltr'>seu</span> <span class='ocrx_word' id='word_1_441' title='bbox 889 4133 924 4184; x_wconf 92' lang='lat' dir='ltr'>de</span> <span class='ocrx_word' id='word_1_442' title='bbox 941 4136 1022 4197; x_wconf 86' lang='lat' dir='ltr'>parte</span> <span class='ocrx_word' id='word_1_443' title='bbox 1040 4133 1151 4198; x_wconf 88' lang='lat' dir='ltr'>copule,</span> <span class='ocrx_word' id='word_1_444' title='bbox 1165 4134 1229 4196; x_wconf 91' lang='lat' dir='ltr'>quis</span> <span class='ocrx_word' id='word_1_445' title='bbox 1247 4135 1349 4189; x_wconf 88' lang='lat' dir='ltr'>docuit</span> <span class='ocrx_word' id='word_1_446' title='bbox 1365 4153 1413 4191; x_wconf 86' lang='lat' dir='ltr'>seu</span> 
     </span>
     <span class='ocr_line' id='line_1_44' title="bbox 179 4215 1418 4286; baseline 0.001 -17"><span class='ocrx_word' id='word_1_447' title='bbox 179 4218 260 4276; x_wconf 86' lang='lat' dir='ltr'>dixit,</span> <span class='ocrx_word' id='word_1_448' title='bbox 274 4217 364 4276; x_wconf 85' lang='lat' dir='ltr'>duxit,</span> <span class='ocrx_word' id='word_1_449' title='bbox 378 4217 442 4280; x_wconf 91' lang='lat' dir='ltr'>quis</span> <span class='ocrx_word' id='word_1_450' title='bbox 454 4216 603 4280; x_wconf 88' lang='lat' dir='ltr'>presidens</span> <span class='ocrx_word' id='word_1_451' title='bbox 615 4228 666 4265; x_wconf 89' lang='lat' dir='ltr'>seu</span> <span class='ocrx_word' id='word_1_452' title='bbox 680 4215 710 4264; x_wconf 91' lang='lat' dir='ltr'>in</span> <span class='ocrx_word' id='word_1_453' title='bbox 724 4228 779 4277; x_wconf 88' lang='lat' dir='ltr'>qua</span> <span class='ocrx_word' id='word_1_454' title='bbox 791 4215 885 4279; x_wconf 84' lang='lat' dir='ltr'>ligura</span> <span class='ocrx_word' id='word_1_455' title='bbox 896 4217 925 4265; x_wconf 91' lang='lat' dir='ltr'>et</span> <span class='ocrx_word' id='word_1_456' title='bbox 936 4215 971 4265; x_wconf 90' lang='lat' dir='ltr'>de</span> <span class='ocrx_word' id='word_1_457' title='bbox 986 4215 1110 4275; x_wconf 89' lang='lat' dir='ltr'>nomine,</span> <span class='ocrx_word' id='word_1_458' title='bbox 1124 4215 1172 4265; x_wconf 94' lang='lat' dir='ltr'>ubi</span> <span class='ocrx_word' id='word_1_459' title='bbox 1185 4217 1252 4267; x_wconf 90' lang='lat' dir='ltr'>sunt</span> <span class='ocrx_word' id='word_1_460' title='bbox 1267 4222 1418 4286; x_wconf 80' lang='lat' dir='ltr'>unguente</span> 
     </span>
     <span class='ocr_line' id='line_1_45' title="bbox 177 4296 1418 4368; baseline -0.002 -16"><span class='ocrx_word' id='word_1_461' title='bbox 177 4300 208 4352; x_wconf 90' lang='lat' dir='ltr'>et</span> <span class='ocrx_word' id='word_1_462' title='bbox 223 4297 341 4351; x_wconf 87' lang='lat' dir='ltr'>baculus</span> <span class='ocrx_word' id='word_1_463' title='bbox 359 4297 438 4364; x_wconf 85' lang='lat' dir='ltr'>(quia</span> <span class='ocrx_word' id='word_1_464' title='bbox 454 4297 534 4362; x_wconf 88' lang='lat' dir='ltr'>prius</span> <span class='ocrx_word' id='word_1_465' title='bbox 552 4296 637 4349; x_wconf 85' lang='lat' dir='ltr'>debet</span> <span class='ocrx_word' id='word_1_466' title='bbox 654 4296 807 4358; x_wconf 85' lang='lat' dir='ltr'>exarmari)</span> <span class='ocrx_word' id='word_1_467' title='bbox 820 4297 896 4348; x_wconf 89' lang='lat' dir='ltr'>etde</span> <span class='ocrx_word' id='word_1_468' title='bbox 912 4297 993 4346; x_wconf 90' lang='lat' dir='ltr'>donis</span> <span class='ocrx_word' id='word_1_469' title='bbox 1006 4311 1042 4347; x_wconf 80' lang='lat' dir='ltr'>ex</span> <span class='ocrx_word' id='word_1_470' title='bbox 1055 4299 1175 4360; x_wconf 88' lang='lat' dir='ltr'>utraque</span> <span class='ocrx_word' id='word_1_471' title='bbox 1189 4301 1285 4361; x_wconf 87' lang='lat' dir='ltr'>parte,</span> <span class='ocrx_word' id='word_1_472' title='bbox 1300 4303 1418 4368; x_wconf 73' lang='lat' dir='ltr'>siquod</span> 
     </span>
     <span class='ocr_line' id='line_1_46' title="bbox 176 4378 1420 4439; baseline 0 -7"><span class='ocrx_word' id='word_1_473' title='bbox 176 4381 280 4433; x_wconf 88' lang='lat' dir='ltr'>recitet</span> <span class='ocrx_word' id='word_1_474' title='bbox 297 4381 421 4438; x_wconf 89' lang='lat' dir='ltr'>modum,</span> <span class='ocrx_word' id='word_1_475' title='bbox 441 4382 472 4430; x_wconf 94' lang='lat' dir='ltr'>ut</span> <span class='ocrx_word' id='word_1_476' title='bbox 488 4380 618 4430; x_wconf 80' lang='lat' dir='ltr'>videatur</span> <span class='ocrx_word' id='word_1_477' title='bbox 635 4378 820 4429; x_wconf 77' lang='lat' dir='ltr'>conformitas</span> <span class='ocrx_word' id='word_1_478' title='bbox 842 4379 877 4428; x_wconf 90' lang='lat' dir='ltr'>ad</span> <span class='ocrx_word' id='word_1_479' title='bbox 899 4378 1121 4429; x_wconf 87' lang='lat' dir='ltr'>aecusacionem.</span> <span class='ocrx_word' id='word_1_480' title='bbox 1141 4379 1178 4430; x_wconf 83' lang='lat' dir='ltr'>Et</span> <span class='ocrx_word' id='word_1_481' title='bbox 1199 4379 1331 4436; x_wconf 84' lang='lat' dir='ltr'>breviter</span> <span class='ocrx_word' id='word_1_482' title='bbox 1349 4387 1420 4439; x_wconf 76' lang='lat' dir='ltr'>flant</span> 
     </span>
     <span class='ocr_line' id='line_1_47' title="bbox 179 4458 1418 4534; baseline -0.002 -22"><span class='ocrx_word' id='word_1_483' title='bbox 179 4463 275 4513; x_wconf 87' lang='lat' dir='ltr'>omnia</span> <span class='ocrx_word' id='word_1_484' title='bbox 292 4461 524 4526; x_wconf 85' lang='lat' dir='ltr'>interrogatoria,</span> <span class='ocrx_word' id='word_1_485' title='bbox 539 4475 593 4525; x_wconf 89' lang='lat' dir='ltr'>que</span> <span class='ocrx_word' id='word_1_486' title='bbox 612 4461 742 4524; x_wconf 86' lang='lat' dir='ltr'>spectant</span> <span class='ocrx_word' id='word_1_487' title='bbox 760 4461 793 4510; x_wconf 88' lang='lat' dir='ltr'>ad</span> <span class='ocrx_word' id='word_1_488' title='bbox 812 4460 936 4518; x_wconf 91' lang='lat' dir='ltr'>modum,</span> <span class='ocrx_word' id='word_1_489' title='bbox 951 4462 980 4512; x_wconf 85' lang='lat' dir='ltr'>ct</span> <span class='ocrx_word' id='word_1_490' title='bbox 996 4458 1047 4511; x_wconf 87' lang='lat' dir='ltr'>illa</span> <span class='ocrx_word' id='word_1_491' title='bbox 1060 4460 1288 4525; x_wconf 83' lang='lat' dir='ltr'>interrogatoria</span> <span class='ocrx_word' id='word_1_492' title='bbox 1300 4480 1339 4518; x_wconf 80' lang='lat' dir='ltr'>ex</span> <span class='ocrx_word' id='word_1_493' title='bbox 1351 4482 1418 4534; x_wconf 73' lang='lat' dir='ltr'>pm.</span> 
     </span>
    </p>
   </div>
   <div class='ocr_carea' id='block_1_4' title="bbox 0 0 1586 5386">
    <p class='ocr_par' dir='ltr' id='par_1_5' title="bbox 0 0 1586 5386">
     <span class='ocr_line' id='line_1_48' title="bbox 0 0 1586 5386; baseline 0 0"><span class='ocrx_word' id='word_1_494' title='bbox 0 0 1586 5386; x_wconf 95' lang='lat' dir='ltr'> </span> 
     </span>
    </p>
   </div>
  </div>
 </body>
</html>
