3164 5386
303 469 336 522 22
780 469 884 521 ANNO
905 468 1045 519 lale-1350

306 642 448 723 gevende
472 643 533 705 den
558 642 678 707 lnhoud
703 660 764 705 van
789 643 851 706 den
867 643 962 719 briei,
983 642 1056 705 dien
1081 642 1119 704 de
1136 643 1321 704 Geeselaars
1338 641 1523 705 beweorden

301 743 374 806 ‘hun
386 758 449 805 van
462 743 530 805 (iod
543 741 624 806 door
637 759 737 805 eeuen
750 743 841 821 engel
856 742 1018 820 gezonden
1031 745 1063 803 te
1075 741 1137 819 zijn
1151 759 1190 803 en
1203 741 1276 804 dien
1289 741 1328 803 de
1340 742 1523 804 Geeselaars

307 858 371 904 van
383 841 546 903 Mechelen
560 858 620 903 aaa
634 841 695 903 den
707 840 855 919 bisschop
868 858 930 903 vau
944 839 1108 918 Kamerijk
1122 840 1393 918 overhandigden.
1414 874 1456 885 -
1473 842 1523 902 Die

308 940 389 1002 briei
400 957 481 1015 was,
497 957 580 1003 naar
594 940 661 1002 hun
678 956 808 1019 zeggeu,
830 939 911 1003 door
924 940 992 1002 God
1010 939 1221 1018 eigenhandig
1237 955 1278 1017 op
1295 956 1373 1001 eene
1398 942 1524 1001 steenen

308 1039 385 1102 talei
403 1039 534 1118 gegriit,
555 1040 605 1101 die
622 1039 687 1101 hun
705 1039 786 1103 door
802 1055 901 1100 eenen
918 1039 1009 1117 engel
1023 1055 1064 1116 op
1078 1038 1134 1100 het
1146 1039 1251 1100 altaar
1263 1054 1326 1099 van
1339 1040 1387 1099 St.
1404 1040 1524 1100 Pictore

307 1148 340 1200 te
366 1139 544 1200 Jerusalem
569 1138 659 1200 werd
676 1137 841 1217 gebracht,
864 1139 895 1199 in
913 1137 969 1199 het
989 1137 1096 1214 bijzijn
1113 1154 1175 1199 ven
1193 1137 1253 1199 den
1270 1137 1437 1214 patriarch
1455 1141 1523 1214 (van

307 1237 510 1314 Jerusalem).
541 1238 591 1315 Hij
619 1237 744 1299 bevatte
769 1237 808 1298 de
836 1235 1022 1314 verklaring
1053 1253 1114 1298 van
1144 1235 1181 1297 de
1211 1252 1356 1313 rampen,
1395 1236 1446 1298 die
1475 1236 1526 1297 het

307 1334 514 1397 menschdom
530 1335 652 1398 zouden
669 1338 832 1410 wisteren,
854 1352 893 1396 en
911 1335 949 1397 de
975 1334 1223 1410 vcorschriiten,
1252 1334 1302 1396 dio
1327 1351 1403 1396 men
1426 1335 1526 1397 moest

308 1434 454 1505 naleven,
475 1450 529 1497 cm
545 1434 616 1496 zich
636 1437 702 1496 met
719 1435 787 1497 God
800 1435 832 1495 te
845 1450 1033 1508 verzoenen,
1051 1436 1142 1495 want
1154 1434 1222 1497 God
1235 1450 1304 1495 was
1318 1449 1527 1496 voornemens

307 1541 449 1611 geweest
466 1548 507 1609 op
528 1533 568 1594 10
586 1533 782 1610 September,
803 1531 905 1609 zijnde
923 1533 983 1594 den
997 1532 1126 1610 Zondag
1139 1550 1181 1593 na
1194 1532 1452 1610 Mariageboorte
1467 1532 1523 1607 (l),

307 1630 345 1692 de
358 1631 478 1693 wereld
495 1635 527 1692 tc
544 1630 625 1694 doen
642 1648 795 1709 vergnam,
816 1647 908 1693 maar
925 1631 988 1694 had
1007 1631 1077 1693 zich
1091 1630 1171 1693 door
1184 1630 1238 1692 het
1251 1630 1403 1709 gesmeek
1416 1648 1480 1692 ran
1492 1630 1528 1692 de

308 1731 348 1791 H.
366 1729 481 1808 Maagd
496 1747 535 1791 en
548 1747 610 1792 van
624 1729 662 1792 de
678 1730 812 1808 engelen
826 1730 912 1792 laten
927 1746 1140 1791 vermurwen.

337 1919 374 1970 ut
384 1919 501 1971 e’ensuit
512 1918 540 1970 la
552 1920 653 1970 teneur
664 1919 698 1970 ‹le
711 1918 775 1970 leur
786 1918 871 1977 table,
885 1920 933 1983 qui
945 1919 1068 1970 uisoient
1080 1933 1134 1982 que
1144 1919 1216 1970 Dieu
1227 1917 1289 1969 leur
1301 1917 1378 1968 avoit
1391 1920 1529 1983 amoveo,

306 2002 429 2066 escriptc
441 2002 476 2055 de
488 2016 520 2053 sa
529 2015 634 2066 propre
646 2002 731 2063 main,
744 2004 774 2054 et
785 2002 854 2053 dont
866 2002 893 2052 la
906 2005 1006 2053 teneur
1017 2001 1135 2052 s’ensuit
1148 2016 1154 2051 ε

303 2165 355 2218 Isti
372 2173 436 2218 eunt
454 2165 566 2219 articuli
582 2169 696 2221 extracti
712 2184 746 2220 ea
763 2168 863 2224 litteo.
884 2183 968 2235 quam
986 2165 1080 2218 &cant
1098 2164 1300 2233 flagellatores
1315 2165 1370 2218 siti
1386 2169 1530 2232 miesc[m]

336 2263 355 2301 α
372 2247 428 2301 Deo
442 2264 495 2316 per
511 2249 653 2316 angelum,
666 2266 751 2318 qaam
768 2249 887 2303 litteram
899 2249 1076 2302 tradiderunt
1087 2247 1289 2316 Flagellatoree
1306 2246 1342 2300 de
1358 2247 1534 2303 Machetieis

338 2330 448 2383 domino
464 2332 588 2400 episcopo
606 2334 803 2386 Cameracaai.

337 2460 417 2522 Quod
435 2460 511 2512 istud
527 2459 691 2511 mandatum
704 2462 747 2512 est
763 2453 852 2513 ihesu
871 2461 976 2512 Christi
994 2461 1110 2512 missum
1127 2474 1180 2525 per
1192 2458 1336 2526 angelum,
1350 2460 1493 2526 scriptum
1506 2463 1535 2513 in

305 2542 400 2596 tabula
411 2542 532 2608 lapidea.
544 2556 627 2606 quam
640 2544 754 2595 tenebat
763 2543 881 2610 angelus
891 2555 977 2608 super
986 2543 1076 2594 altare
1090 2542 1186 2595 Sancti
1196 2542 1278 2593 Petri
1295 2543 1323 2593 in
1341 2541 1535 2596 Iherusalem.

337 2625 419 2689 Item,
438 2626 473 2677 ad
490 2625 640 2677 adventum
661 2625 756 2691 angeli
782 2640 885 2692 magna
905 2625 1019 2676 claritas
1041 2624 1154 2676 reiulsit
1171 2627 1201 2676 et
1222 2623 1344 2689 populus
1364 2629 1537 2691 stupescere

304 2709 407 2760 cecidit
418 2708 447 2759 ln
458 2710 564 2760 terram
576 2721 663 2773 super
675 2708 759 2761 iacies
769 2723 843 2768 suas,
854 2709 1001 2760 clamando
1014 2707 1212 2775 Kyrieleyeonl

337 2790 418 2850 Item,
438 2791 505 2854 quia
524 2791 673 2842 christiani
694 2794 723 2843 et
740 2792 864 2843 inientes
882 2805 938 2842 non
960 2791 1162 2855 ieiunaverunt
1182 2790 1212 2840 in
1235 2789 1433 2848 deveneris,
1457 2792 1537 2844 Deus

305 2874 460 2924 substraxit
476 2874 510 2924 ab
534 2874 575 2924 eis
595 2873 729 2924 victualia
748 2876 778 2925 ot
797 2874 887 2925 multa
903 2873 1052 2930 beneficia,
1077 2874 1106 2924 ct
1128 2872 1260 2937 promisit
1281 2886 1330 2924 eos
1347 2873 1487 2926 incedere
1506 2876 1536 2926 in

305 2953 408 3005 multas
420 2954 623 3006 tribulaciones
641 2958 670 3006 et
685 2956 903 3020 persecuciones
921 2953 1142 3006 sarracenorum
1158 2957 1187 3005 et
1199 2954 1330 3005 aliorum.

338 3037 420 3097 Item,
430 3039 547 3101 propter
559 3038 720 3107 supradicta
730 3038 859 3102 precepit
871 3037 1034 3088 Sarracenis
1045 3037 1179 3101 persequi
1188 3036 1358 3087 christianos
1368 3035 1536 3090 etiaiantcs

305 3121 335 3172 et
351 3118 446 3170 clades
462 3117 570 3184 pluries
588 3119 705 3170 inmisit.

338 3201 419 3258 Item,
431 3201 506 3265 quod
518 3201 595 3254 Deus
606 3203 782 3268 cogitaverat
792 3203 910 3267 propter
920 3203 1038 3266 peccata
1048 3201 1269 3252 christianorum
1282 3201 1430 3253 destruere
1440 3204 1535 3254 totum

306 3282 445 3342 seculum,
457 3283 514 3335 ulei
525 3285 679 3336 dimisisset
692 3286 726 3336 ad
738 3298 838 3349 preces
852 3284 1019 3350 angelorum
1030 3283 1242 3349 procidencium
1254 3284 1289 3334 ad
1301 3284 1388 3348 pedes
1401 3283 1466 3335 Dei.

340 3366 422 3426 Imm,
437 3366 512 3429 quod
530 3366 610 3418 Iudei
628 3366 813 3419 celebrabunt
830 3367 904 3419 diem
922 3367 1102 3417 dominicam.

340 3449 421 3511 Item,
434 3448 509 3510 quod
519 3449 595 3501 Deus
607 3451 735 3514 precepit
743 3451 873 3514 ieiunare
886 3464 938 3515 per
947 3450 1022 3501 diem
1033 3448 1153 3500 Veneris
1166 3451 1196 3500 et
1206 3448 1351 3500 observari
1364 3448 1538 3502 dominicam

309 3535 454 3587 ameridie
467 3533 524 3585 diei
536 3532 651 3585 Sabbati
663 3546 752 3596 usque
764 3546 847 3584 manc
859 3533 917 3584 diei
932 3532 1038 3584 Lunae.

341 3616 423 3677 item,
436 3617 512 3681 quod
529 3616 615 3674 Deus,
628 3616 658 3666 in
675 3614 772 3667 littera
789 3616 960 3680 supradicta,
973 3616 1125 3680 episcopis,
1139 3616 1333 3667 sacerdotibus
1351 3619 1381 3669 et
1397 3618 1538 3668 iratribus

310 3699 447 3764 precepit,
461 3699 537 3762 quod
547 3698 601 3763 ipsi
614 3698 781 3749 ordinarent
792 3699 926 3763 viagium,
940 3698 1069 3750 sumendi
1081 3712 1204 3758 crucem,
1217 3699 1364 3762 jejunandi
1376 3703 1405 3751 et
1421 3702 1536 3752 orandi.

343 3780 424 3843 Item,
439 3780 514 3845 quod
526 3781 601 3832 Deus
614 3780 789 3846 cogttaveret
804 3780 951 3832 destruere
967 3781 1096 3845 uultquid
1112 3781 1182 3831 vivit
1198 3780 1228 3830 in
1239 3781 1293 3832 hoc
1305 3781 1411 3840 seculo,
1425 3782 1539 3834 decima

312 3863 358 3914 die
376 3861 560 3928 Septembris,
582 3862 636 3914 hoc
652 3865 697 3914 cst
713 3863 759 3913 die
777 3862 919 3914 domtnica
936 3866 1072 3926 sequente
1089 3863 1264 3914 nativItatem
1282 3867 1378 3916 sancte
1395 3864 1537 3930 Virginis,

312 3945 388 4009 quod
405 3944 557 3996 etinctum
575 3947 659 4005 esset,
678 3945 733 3996 nisi
751 3945 827 3996 Deus
843 3948 995 4010 preventus
1011 3945 1114 3997 luisset
1130 3946 1262 4011 precibus
1273 3945 1356 3998 beate
1369 3946 1459 3998 Marie
1472 3946 1539 3999 Vir-

312 4027 387 4094 ginis
399 4028 429 4079 et
439 4027 601 4079 sanctorum
614 4027 791 4093 angelorum.

342 4110 428 4175 Item,
440 4108 515 4174 quod
524 4109 554 4161 in
567 4109 642 4161 dicto
656 4108 788 4160 mandato
802 4109 879 4161 Deus
892 4109 1000 4174 iuravit
1011 4110 1053 4162 eis
1067 4123 1119 4175 per
1131 4111 1243 4162 sanctos
1255 4111 1372 4177 angelos
1384 4125 1461 4163 suos.

345 4412 381 4478 (i)
400 4413 575 4481 Opmerking
586 4416 724 4474 verdient,
738 4417 795 4473 dat,
808 4417 924 4475 in1349,
938 4416 973 4468 de
987 4417 1017 4466 lo
1030 4415 1197 4479 September
1214 4430 1267 4468 een
1281 4416 1453 4486 Donderdag
1464 4436 1537 4474 was.

315 4498 357 4550 De
368 4497 483 4563 Zondag
496 4512 531 4550 na
542 4498 770 4565 Mariageboorte
782 4499 838 4550 viel
850 4499 899 4550 dat
909 4498 972 4562 jaar
983 4513 1019 4563 op
1030 4499 1060 4549 13
1073 4499 1248 4564 September.
