3210 5386
725 183 829 234 ANNO
852 180 916 231 1460
1403 183 1436 234 95

188 345 328 401 cessitius
345 344 376 395 et
384 345 512 408 presenti
521 343 645 396 tractatu
656 345 777 395 noscunt
788 343 891 408 pratici
904 343 932 394 in
946 343 1075 403 materia,
1086 344 1115 394 et
1127 345 1223 395 statim
1236 359 1269 396 ac
1278 361 1335 397 uno
1345 348 1437 400 tractu

184 427 260 497 [do]
280 425 385 477 habitis
403 425 496 477 tribus
513 427 563 477 aut
580 427 703 489 quatuor
715 425 992 490 congregacionibus
1004 424 1048 476 vel
1060 425 1177 477 circiter
1187 426 1333 489 (quoniam
1345 429 1438 481 solum

180 514 221 565 in
237 507 383 573 principio
391 507 530 559 fatebitur
542 520 638 569 unam,
651 507 701 557 ubi
713 506 793 557 mille
805 507 914 557 vicibus
927 507 1023 562 tuerit,
1037 506 1072 556 ad
1082 505 1289 572 allegacionem
1296 511 1342 562 sui
1353 525 1436 563 casus

179 593 221 646 et
238 590 273 639 iu
283 602 334 655 ape
344 589 542 640 misericordie
554 588 686 652 ecclesie)
698 590 774 640 etde
792 588 863 639 locis
875 603 908 639 ac
920 588 1059 652 tempore,
1074 590 1158 651 atque
1176 589 1246 653 ipsis
1263 592 1388 643 redactis
1405 594 1435 644 in

179 670 324 735 scriptis,
337 671 414 733 dato,
427 670 503 733 quod
515 671 640 721 astantes
651 668 825 735 intelligant,
839 684 903 721 eum
917 671 1114 733 frequentasse
1126 673 1370 736 congregaciones
1382 689 1435 739 per

179 752 369 816 longissima
380 753 519 817 tempora,
535 752 586 803 flat
597 751 792 816 interrogacio
811 752 845 801 de
864 753 1003 802 accusatis
1021 752 1050 801 in
1070 751 1199 816 generali
1217 752 1323 816 absque
1342 756 1435 808 deter-

180 835 309 888 minata
324 834 567 899 interrogacione,
586 847 642 897 que
660 847 769 885 summe
787 834 911 884 cavenda
928 835 981 892 est,
1001 836 1030 883 et
1047 834 1209 885 scribantur
1231 837 1305 888 nude
1327 837 1357 888 et
1376 852 1433 890 uno

182 917 294 970 tractu
305 931 405 968 omnes
417 917 569 968 accusandi
580 929 633 980 pro
645 916 738 980 prima
749 916 810 967 vice
824 915 930 978 absque
941 915 1070 979 partibus
1088 915 1254 980 copularum
1268 920 1297 969 et
1309 919 1433 973 indiciis.

183 998 306 1057 Quibus
319 999 508 1057 omnibus,sic
519 999 552 1049 ut
562 996 935 1061 premittitur‚scriptis,flat
946 997 1139 1063 interrogacio
1150 998 1185 1048 de
1197 999 1327 1062 partibus
1335 1002 1433 1067 singu·

183 1082 292 1132 larum
307 1079 473 1145 copularum
491 1093 555 1130 cum
573 1079 704 1129 omnibus
722 1079 845 1136 indiciis,
859 1077 970 1130 scilicet
982 1077 1153 1136 nominibus,
1166 1078 1351 1141 indumentis,
1365 1085 1431 1142 etc..

188 1165 383 1225 umerumque
401 1161 529 1226 parcium
546 1159 657 1224 copule,
671 1161 789 1224 propter
802 1160 1020 1210 concurreucias
1038 1161 1068 1211 et
1084 1161 1302 1213 conveniencias
1319 1178 1431 1216 accusa·

189 1243 312 1294 cionum
322 1256 375 1308 per
386 1243 459 1295 alios
471 1245 611 1295 laetarum
623 1244 673 1293 aut
684 1241 853 1299 dendarum,
867 1244 896 1292 et
909 1243 976 1291 tunc
988 1243 1195 1305 appunctuetur
1207 1256 1260 1306 per
1271 1244 1432 1310 interroga·

193 1324 305 1383 dones,
316 1326 346 1376 in
358 1325 462 1389 quibus
473 1324 545 1375 locis
558 1324 588 1376 et
599 1325 628 1374 in
639 1338 695 1387 quo
708 1325 837 1388 tempore
849 1324 936 1386 atque
948 1323 977 1373 in
990 1322 1092 1386 quibus
1106 1325 1383 1389 congregacionibus
1396 1329 1431 1380 de

196 1408 333 1470 pretactis
343 1409 461 1466 tuerint,
476 1409 525 1459 aut
536 1408 566 1458 in
579 1405 721 1470 aliquibus
734 1408 763 1458 et
773 1405 915 1469 aliquibus
933 1420 1000 1456 uon.
1013 1405 1173 1469 Nullusque
1185 1408 1343 1459 astancium
1356 1410 1433 1461 dicat

201 1486 316 1551 aliquid,
328 1503 384 1554 quo
403 1490 571 1541 moveantur
588 1501 726 1539 excusare
739 1502 809 1552 quos
822 1489 956 1538 accusant
967 1486 1010 1539 vel
1025 1487 1229 1545 accusaverint,
1244 1491 1377 1551 quoniam
1391 1491 1431 1543 nil

203 1567 280 1620 atiud
294 1574 400 1634 petunt,
414 1585 498 1635 quam
515 1583 653 1622 excusare
671 1571 720 1620 aut
737 1570 843 1620 habere
862 1570 1040 1620 occasionem
1052 1569 1207 1620 excusandi
1220 1569 1248 1620 in
1262 1571 1430 1636 obsequium

205 1650 325 1703 demonis
337 1655 366 1704 et
377 1652 618 1717 complacenciam
630 1654 837 1709 accusatorum,
850 1652 984 1715 putantes
1000 1651 1090 1702 eciam
1102 1650 1281 1715 complacere
1294 1654 1430 1706 assisten-

161 1726 163 1783 i
208 1730 278 1783 tibus
286 1734 312 1786 in
324 1735 500 1798 excusand03
513 1747 599 1799 parce
615 1734 693 1785 enim
706 1738 735 1784 et
746 1733 844 1791 invite,
859 1734 890 1782 ut
902 1732 991 1783 lacius
1008 1733 1084 1784 intra
1102 1734 1222 1802 dicetur,
1236 1740 1380 1788 accusant.
1394 1739 1431 1790 Et

209 1812 319 1876 attende,
331 1816 432 1873 lector,
451 1817 527 1880 quod
544 1829 612 1880 sepe
631 1814 725 1866 nullos
743 1813 841 1865 volunt
858 1828 1003 1876 accusare,
1015 1817 1149 1880 putantes
1167 1832 1223 1869 non
1242 1819 1348 1870 debere
1362 1818 1430 1870 illos

211 1905 328 1950 accusare
344 1899 395 1952 aut
410 1899 452 1949 ita
469 1898 621 1962 tingentes,
635 1911 670 1948 ex
688 1910 744 1960 quo
762 1898 886 1948 contessi
904 1898 971 1947 sunt
982 1897 1017 1947 de
1030 1899 1108 1948 secta
1119 1900 1270 1951 sacerdoti.
1286 1900 1430 1966 subgestu

213 1976 289 2030 111111
298 1981 424 2032 demonis
436 1981 465 2032 et
477 1979 626 2030 homiuum
638 1979 666 2029 in
679 1978 885 2029 conventiculis
898 1979 958 2029 suis
970 1980 1051 2030 tarde
1063 1980 1093 2030 et
1108 1980 1277 2034 invitissimo
1295 1985 1430 2034 accusant

215 2069 313 2123 magnos
322 2063 351 2114 et
359 2076 419 2119 eos,
430 2062 478 2125 qui
489 2075 545 2112 non
554 2062 622 2111 sunt
631 2061 665 2109 de
675 2062 753 2112 sorte
763 2074 815 2111 sua
823 2074 873 2111 seu
883 2062 968 2119 statu,
980 2074 1072 2124 neque
1085 2061 1185 2114 volunt
1195 2064 1280 2128 primi
1293 2078 1427 2116 accusare

217 2141 303 2193 amicos
320 2158 386 2195 suos
406 2146 457 2195 aut
476 2156 605 2209 magnos,
625 2143 752 2193 dicentes
772 2156 808 2193 ex
828 2141 941 2193 malicia
962 2145 1060 2194 suaet
1077 2144 1216 2203 demonis,
1236 2147 1283 2208 qui
1301 2145 1429 2209 loquitur

218 2223 388 2278 vensimititer
409 2226 440 2276 in
464 2226 516 2282 eis,
538 2225 614 2288 quod
639 2225 669 2274 in
692 2224 969 2289 congregacionibus
991 2223 1050 2275 illis
1075 2239 1130 2276 non
1156 2229 1223 2277 sunt
1245 2228 1300 2277 nisi
1321 2228 1427 2279 misere

218 2302 329 2358 mulieres
345 2311 375 2358 et
392 2308 496 2359 misere
513 2320 645 2371 persone.
660 2305 802 2356 Estimant
819 2307 909 2356 eciam
921 2307 994 2369 apud
1008 2320 1048 2363 se,
1062 2307 1195 2358 instructi
1207 2322 1224 2359 a
1235 2309 1356 2360 demone
1369 2312 1399 2360 et
1411 2323 1429 2360 a

218 2386 376 2450 complicibus
393 2391 443 2440 aut
460 2389 501 2438 ita
518 2389 640 2453 tingunt,
656 2388 731 2450 quod
749 2402 805 2437 non
824 2388 947 2438 debcant
963 2387 1091 2439 revelare
1110 2391 1227 2453 peccata
1242 2390 1363 2441 aliorum
1375 2404 1426 2441 seu

219 2473 325 2523 atensare
342 2469 424 2522 alios.
445 2470 482 2520 Et
500 2470 535 2519 ad
553 2469 649 2528 omnia
666 2470 721 2519 ista
738 2482 790 2533 per
808 2468 1035 2520 admonicionem
1052 2470 1210 2533 requiritur
1230 2471 1354 2534 provisio
1373 2485 1426 2534 per

218 2548 325 2613 11111111,
339 2566 432 2616 neque
450 2552 656 2603 obmittendum
676 2553 729 2607 est,
743 2552 810 2601 dum
827 2550 984 2614 loquuntur
1001 2551 1036 2602 de
1053 2564 1084 2602 se
1102 2553 1151 2602 aut
1166 2552 1201 2602 de
1215 2552 1287 2608 aliis,
1302 2553 1387 2614 quod,
1401 2554 1425 2603 si

218 2635 358 2686 reveniant
367 2634 639 2699 interrogacionem,
649 2633 770 2683 dicendo
780 2646 811 2683 se
824 2632 932 2695 aliquid
945 2633 1065 2690 nescire,
1077 2634 1177 2695 dequo
1190 2633 1292 2684 timent
1303 2633 1426 2685 interro·

218 2711 273 2770 1111,
283 2728 374 2767 verum
393 2717 506 2781 signum
524 2714 666 2777 estquod
684 2715 780 2765 sciunt
796 2713 878 2764 illud.
897 2713 934 2764 lit
950 2712 1091 2778 intellige,
1104 2713 1204 2772 lector,
1223 2728 1282 2773 eos,
1302 2715 1351 2778 qui
1369 2716 1426 2767 hiis

219 2786 295 2846 debus
305 2798 339 2850 de
351 2811 425 2849 novo
437 2798 599 2862 capiuntur,
612 2795 798 2847 versimiliter
811 2796 840 2846 in
859 2797 918 2846 suis
936 2796 1109 2858 quotidianis
1126 2795 1332 2847 conventiculis
1345 2798 1424 2849 advi-

218 2880 471 2934 11111111111111101
488 2893 523 2930 ex
542 2878 656 2932 malicia
672 2882 702 2929 et
720 2878 871 2936 industria,
886 2878 960 2942 quod
979 2876 1166 2928 nominabunt
1182 2892 1233 2929 seu
1252 2881 1426 2931 accusabunt

218 2962 301 3019 1111111,
312 2975 383 3024 quos
400 2960 497 3012 volent
514 2962 649 3018 astantes,
663 2962 783 3017 antece,
798 2960 846 3022 qui
859 2961 951 3024 primo
969 2959 1129 3010 occurrent.
1143 2958 1180 3009 Et
1197 2959 1252 3009 boc
1268 2960 1378 3012 iaciunt
1389 2962 1425 3012 ad

217 3031 439 3106 calumpniandum
460 3044 489 3093 et
506 3042 738 3093 confundendum
753 3042 952 3092 accusaciones
970 3043 999 3091 et
1012 3041 1103 3091 totum
1115 3042 1222 3092 lactum
1233 3041 1264 3091 in
1276 3055 1321 3105 se3
1339 3043 1425 3093 sicuti

217 3121 242 3162 ⁰¹
260 3133 302 3175 sua
321 3125 450 3191 pernicie
473 3124 580 3183 dicunt,
602 3124 678 3187 quod
701 3122 820 3188 angelus
845 3122 968 3174 sathane
991 3124 1085 3186 potest
1108 3137 1139 3175 se
1163 3124 1371 3188 transfigurare
1393 3125 1423 3174 in

217 3201 324 3261 angelum
342 3205 416 3257 lucis
438 3204 467 3255 et
491 3207 692 3268 representare
717 3204 848 3254 homines
871 3204 900 3253 in
924 3203 1200 3268 congregacionibus
1220 3202 1288 3262 illis,
1310 3205 1345 3255 de
1368 3218 1424 3267 quo

217 3270 359 3338 1111111111
381 3287 504 3350 quodam
527 3285 648 3337 articulo
670 3287 703 3336 ad
723 3285 850 3350 longum.
871 3286 970 3348 Neque
989 3286 1082 3336 tamen
1103 3288 1258 3350 propterea
1278 3286 1307 3336 in
1328 3285 1423 3349 aliquo

216 3359 296 3419 1111111
311 3367 417 3421 moveri
438 3368 544 3419 debent
565 3367 675 3418 iudices
697 3382 748 3418 seu
772 3369 906 3424 astantes,
928 3367 978 3417 sed
999 3367 1095 3418 omnia
1115 3369 1214 3418 audire
1235 3367 1341 3419 debent
1359 3381 1423 3419 cum

217 3444 336 3503 1111111111
351 3453 382 3503 et
398 3449 558 3501 remediare
577 3462 610 3499 ac
627 3448 779 3513 providere
796 3447 972 3512 possibiliter
990 3462 1054 3498 cum
1071 3449 1146 3499 bona
1157 3449 1348 3513 discrecione;
1368 3464 1424 3500 nou

218 3523 276 3579 enim
291 3535 331 3584 est
347 3531 462 3585 malicia
478 3545 564 3596 super
581 3529 724 3582 maliciam
743 3530 871 3581 demonis
891 3532 921 3581 et
940 3529 1132 3580 Valdensium.
1152 3529 1362 3582 Attendendurn
1380 3532 1425 3582 est

219 3604 296 3677 uam,
306 3615 380 3677 quod
392 3627 461 3678 sepe
473 3613 639 3665 describunt
651 3625 735 3663 unam
747 3624 899 3677 personam
916 3612 971 3661 sibi
988 3612 1094 3675 optime
1113 3612 1210 3662 notam
1221 3612 1250 3661 in
1263 3613 1423 3664 accusando

220 3679 240 3734 i1¹
255 3693 338 3748 1111111
356 3696 481 3753 indiciis,
502 3695 583 3746 cuius
605 3708 708 3746 nomen
733 3695 835 3752 sciunt,
859 3707 951 3756 neque
974 3693 1121 3743 nominare
1142 3692 1242 3744 volunt
1264 3707 1299 3745 ex
1322 3695 1425 3746 suaet

161 3764 163 3795 ⁸
220 3762 320 3828 1111101111
341 3776 468 3841 malicia3
491 3779 540 3829 aut
559 3777 583 3827 si
606 3777 763 3834 nominent,
785 3776 854 3826 dent
874 3789 977 3826 nomen
997 3774 1074 3825 aliud
1092 3775 1127 3824 ad
1145 3775 1375 3826 contundendam
1394 3778 1425 3827 et

220 3847 439 3921 0²¹imputandum
456 3858 536 3910 illam
553 3857 777 3917 accusacionem,
791 3859 840 3908 aut
858 3870 943 3908 unum
960 3855 1107 3914 indicium,
1121 3857 1197 3919 quod
1209 3870 1266 3906 non
1278 3856 1424 3920 reperitur

220 3923 241 3976 ¹¹¹
255 3945 361 3996 lersoaa
381 3941 533 4005 descripta.
556 3939 665 3991 Tamen
685 3953 752 4003 sepo
774 3939 873 3997 eciam,
887 3939 947 3989 sive
970 3936 1084 3988 malicia
1109 3939 1158 3990 aut
1180 3937 1331 3996 industria,
1345 3939 1426 3989 certa

221 4006 328 4072 deiciunt
337 4014 366 4074 i‘n
386 4023 464 4074 etate
476 4022 569 4086 magis
581 4034 666 4084 quam
679 4021 707 4070 in
722 4020 786 4070 aliis
798 4019 921 4071 indiciis.
935 4020 972 4071 nt
983 4020 1103 4082 possunt
1114 4019 1158 4068 vir
1171 4019 1200 4070 et
1217 4031 1290 4069 uxor
1307 4031 1369 4069 esse
1390 4017 1426 4068 do

222 4096 280 4148 11111
293 4104 323 4153 ad
338 4106 460 4157 eundem
479 4104 564 4155 duem
583 4102 626 4155 vel
641 4103 779 4161 diversos,
792 4113 865 4152 uxor
876 4102 994 4165 propter
1006 4101 1175 4165 voluptates,
1191 4101 1235 4151 vir
1247 4101 1284 4151 ob
1296 4101 1424 4160 divicias,

223 4172 256 4222 'tl
265 4187 367 4237 econtra
375 4185 421 4239 vel
433 4187 552 4251 propter
564 4184 672 4248 aliquid
684 4183 776 4246 aliud;
786 4196 850 4233 cum
862 4182 939 4234 euim
951 4183 1015 4247 quis
1029 4183 1112 4234 datus
1124 4183 1169 4235 est
1178 4182 1300 4239 demoni.
1310 4195 1423 4246 queque
