3210 5386
677 548 784 602 ANNO
803 549 876 609 1357,
896 551 960 601 1372
1398 552 1430 604 39

187 717 395 784 appellabant)
414 717 531 787 sectam,
554 717 611 767 tam
633 714 790 779 apostolica
811 728 895 778 quam
918 715 1017 766 nostra
1039 716 1186 767 ordinaria
1207 716 1431 767 authoritatibus

187 800 295 852 varios
307 814 359 850 nos
370 799 481 864 pridem
493 811 644 863 processus
656 797 836 848 meminimus
848 797 987 856 emisisse,
1001 811 1123 862 quorum
1141 798 1320 849 districtione
1337 799 1432 849 dictae

188 884 295 934 sectae
315 883 471 932 sectatores
489 880 524 930 ab
542 881 605 944 ejus
622 879 761 930 exercitio
781 879 811 929 in
830 881 928 929 nostra
944 880 1059 931 civitate
1078 883 1107 930 et
1124 880 1248 931 dioecesi
1267 879 1431 931 coloniensi

191 964 341 1016 desistere
358 965 425 1014 sunt
442 962 591 1026 compulsi.
603 961 649 1011 Ad
660 963 788 1011 nostrum
803 962 909 1019 tamen,
922 975 977 1010 non
992 962 1099 1024 absque
1111 962 1327 1024 perturbatione
1339 962 1430 1026 gravi,

191 1045 333 1112 pervenit
344 1045 482 1105 auditum,
496 1045 572 1107 qnod
585 1041 716 1093 nonnulli
733 1043 927 1105 superstitiosi
945 1043 1076 1093 homines
1095 1045 1124 1093 et
1141 1043 1266 1101 notandi,
1286 1044 1315 1093 in
1334 1043 1431 1107 hujus·

192 1128 280 1179 modi
291 1126 489 1178 detestabilem
507 1127 536 1177 et
554 1125 717 1176 damnatum
734 1124 924 1175 recidivantes
942 1138 1080 1182 errorem,
1093 1124 1138 1174 his
1156 1124 1256 1175 diebus
1268 1125 1432 1189 hujusmodi

191 1213 297 1262 sectae
309 1209 478 1261 exercitium
490 1207 567 1258 intra
579 1209 696 1256 nostrae
712 1205 922 1269 J'urisdictionis
941 1207 1079 1257 terminos
1091 1209 1255 1258 restaurare
1267 1219 1432 1270 praesump-

192 1292 281 1344 tione
304 1289 445 1342 diabolica
467 1289 730 1353 praesumpserunt,
756 1287 829 1337 ialso
853 1289 1050 1353 contingentes
1073 1303 1104 1340 se
1128 1303 1145 1340 a
1168 1290 1250 1340 nobis
1272 1303 1358 1354 super
1379 1290 1434 1340 hoc

192 1373 346 1426 licentiam
359 1371 514 1437 accepisse.
589 1392 592 1396 ⁴

231 1456 261 1507 N
264 1470 296 1506 os
315 1455 413 1521 igitur,
436 1466 471 1504 ne
488 1452 652 1516 hujusmodi
670 1452 764 1502 sectae
783 1451 909 1502 nefariae
926 1451 1054 1504 recidiva
1071 1455 1150 1516 peste
1171 1455 1305 1519 resurgat
1323 1453 1432 1504 exerci-

193 1538 283 1594 tium,
307 1536 387 1587 vobis
410 1537 439 1586 et
466 1533 585 1584 cuilibet
613 1534 739 1584 vestrum
769 1533 821 1584 sub
850 1534 1152 1585 excommunicationis
1180 1549 1273 1598 poena
1302 1535 1432 1586 districte

193 1618 404 1685 praecipiendo
432 1616 609 1674 mandamus,
636 1617 775 1677 quatenus
801 1615 829 1664 in
858 1615 962 1665 vestris
990 1614 1119 1666 ecclesiis
1148 1616 1262 1680 publice
1291 1618 1432 1668 moneatis

194 1701 333 1753 homines
345 1699 537 1763 praescriptos
555 1698 717 1760 pestileros,
737 1711 808 1760 quos
826 1698 855 1746 et
873 1710 924 1747 uos
942 1698 1042 1747 tenore
1060 1699 1254 1761 praesentium
1271 1713 1430 1759 monemus,

193 1786 241 1842 ut,
262 1783 339 1833 intra
355 1782 465 1844 septem
482 1780 544 1830 dies
561 1781 627 1843 post
643 1779 767 1829 vestram
784 1778 979 1836 monitionem,
998 1780 1058 1830 Deo
1071 1783 1100 1830 et
1112 1779 1193 1830 nobis
1212 1781 1247 1831 de
1265 1780 1429 1844 hujusmodi

193 1866 262 1916 suis
285 1862 454 1928 perniciosis
477 1861 642 1913 excessibus
665 1861 836 1925 condignam
858 1862 1007 1924 praestent
1027 1861 1185 1912 emendam.
1213 1859 1328 1925 Alioqui
1352 1863 1430 1926 ipsos

192 1959 301 1998 omnes
322 1946 351 1997 et
369 1943 509 2009 singulos,
531 1943 580 2006 qui
603 1942 657 1992 hoc
681 1955 754 1992 auno
775 1943 870 1991 sectae
893 1943 1057 2005 praedictae
1078 1944 1246 1994 exercitium
1266 1948 1429 1995 restaurare

192 2027 456 2094 praesumpserunt
478 2024 523 2076 vel
546 2027 724 2088 inposterum
752 2035 889 2074 exercere
918 2027 1104 2088 praesumunt
1128 2025 1210 2088 (quos
1233 2030 1352 2090 propter
1375 2026 1430 2076 hoc

190 2111 244 2162 his
270 2109 383 2172 scriptis
406 2107 703 2166 excommunicamus),
734 2106 994 2156 excommunicatos
1020 2107 1187 2158 nominatim
1211 2110 1240 2159 et
1265 2109 1294 2158 in
1323 2109 1429 2172 specie,

189 2204 324 2257 quorum
346 2191 461 2240 nomina
483 2188 624 2239 sciveritis
644 2186 689 2237 vel
710 2188 740 2236 in
762 2190 910 2250 posterum
934 2188 1009 2240 scire
1031 2190 1173 2252 poteritis,
1203 2189 1274 2241 alias
1302 2204 1370 2241 vero
1399 2189 1428 2239 in

188 2287 310 2341 genere
332 2270 446 2337 publice
469 2272 498 2322 et
520 2268 687 2327 solenniter,
711 2270 856 2331 campanis
878 2268 1008 2332 pulsatis,
1037 2270 1164 2322 candelis
1190 2272 1317 2323 accensis
1343 2272 1429 2324 etin

188 2359 309 2408 terram
327 2353 462 2417 projectis
479 2354 509 2403 et
526 2350 669 2409 extinctis,
688 2351 838 2408 intimetis,
856 2353 885 2402 et
906 2353 936 2402 in
958 2349 1029 2402 locis
1054 2352 1279 2416 quibuscunque,
1300 2353 1336 2404 ad
1357 2366 1430 2416 quae

187 2435 368 2501 huiusmodi
385 2436 479 2485 sectae
499 2432 669 2484 exercitium
690 2434 858 2495 exequendo
878 2434 1072 2497 pervenerint,
1094 2435 1228 2496 quamdiu
1248 2434 1290 2486 ibi
1311 2435 1431 2491 tuerint,

190 2527 228 2573 et
240 2531 298 2584 per
310 2529 431 2580 sequens
444 2516 580 2574 triduum,
593 2515 711 2567 cessetis
723 2515 838 2579 penitus
850 2528 867 2565 a
878 2515 992 2565 divinis.

228 2601 392 2653 Hortamur
411 2598 529 2661 insuper
549 2599 577 2648 ct
596 2598 770 2660 requirimus
788 2597 936 2648 universos
958 2598 1098 2648 terrarum
1117 2598 1256 2656 dominos,
1275 2598 1431 2661 potestates

188 2687 226 2736 et
237 2682 406 2747 Justitiaros
418 2678 589 2739 saeculares,
603 2681 634 2729 ut
646 2679 810 2743 hujusmodi
823 2678 954 2730 homiues
971 2693 988 2729 a
1005 2682 1099 2729 sectae
1116 2680 1280 2742 praedictae
1292 2681 1430 2731 exercitio

181 2777 301 2821 arcere
320 2763 452 2814 studeant
469 2775 569 2812 manus
588 2761 765 2825 appositione
783 2760 926 2811 militaris.
945 2761 978 2811 In
997 2774 1052 2823 quo
1070 2762 1174 2812 nedum
1194 2760 1352 2824 reipublice
1373 2775 1430 2812 non

180 2847 345 2903 modicum
366 2843 526 2901 consulent,
551 2843 620 2906 quin
641 2844 728 2893 etiam
750 2842 917 2907 obsequium
939 2845 1085 2907 acceptum
1106 2843 1224 2894 Divinae
1245 2843 1431 2906 praestabunt

180 2927 357 2994 majestati,
375 2924 555 2978 absolutione
568 2924 694 2975 omnium
711 2925 934 2989 praemissorum
952 2927 1197 2990 transgressorum
1210 2925 1291 2975 nobis
1309 2926 1431 2977 tanturn·

181 3011 287 3066 modo
299 3010 454 3059 reservata.

226 3092 341 3145 Datum
353 3102 427 3140 anno
441 3088 556 3139 Domini
568 3101 705 3139 ncccnvn.

468 3202 643 3258 Hurtzheim,
664 3200 788 3253 Concilio
807 3200 988 3258 Germaniae,
1002 3201 1064 3253 deel
1078 3200 1126 3260 IV,
1144 3200 1197 3252 blz.
1216 3200 1432 3265 4851861666)-

500 3286 568 3336 niae
583 3282 707 3349 synodus
724 3298 799 3334 anno
817 3283 991 3346 Menoetii,
1010 3283 1077 3347 (lap.
1096 3282 1169 3334 VII:
1190 3283 1348 3350 Ubicunque
1365 3283 1432 3334 Fla-

498 3363 649 3433 gellutorcs
672 3373 797 3417 66666661
816 3367 980 3416 ecerca'tium
1002 3373 1091 3417 666166
1108 3380 1186 3423 suae,
1207 3365 1374 3418 cessandum
1394 3372 1433 3416 661

495 3462 551 3514 per
570 3446 707 3504 triduum,
728 3446 930 3499 absolutionem
951 3461 1112 3499 oxomensem
1130 3446 1281 3499 eorundem
1297 3449 1432 3498 retinente

499 3528 554 3580 sibi
566 3526 749 3593 dioecesano).

711 3731 766 3797 66
792 3723 926 3812 (etseq.

251 3931 315 3997 Na
351 3935 454 4003 1372,
486 3927 566 3992 Juli
596 3935 655 4004 23,
692 3926 1435 4014 1111666666166-6161966611161666666

195 4031 381 4110 Gregorius
397 4032 443 4091 XI
456 4028 593 4091 eunden
607 4028 839 4089 Utrechtschen
856 4028 1004 4104 bissohop
1021 4031 1041 4088 J
1042 4046 1084 4090 an
1101 4045 1164 4089 van
1176 4026 1276 4094 Arkel
1293 4042 1347 4088 om
1359 4027 1433 4088 hem

195 4132 240 4193 de
254 4129 465 4207 inquisiteurs
479 4143 541 4188 van
558 4126 622 4202 zijn
640 4126 763 4188 bisdom
777 4143 840 4188 aan
856 4128 889 4187 te
905 4126 1049 4189 bevelen.

197 4283 216 4352 [
218 4284 329 4336 Littera
340 4279 610 4333 recommcndotorie
621 4295 657 4331 66
665 4287 748 4346 parte
755 4295 831 4347 pape
839 4294 893 4347 pro
905 4279 1119 4347 inquisitoribus
1131 4278 1249 4332 bernice
1257 4278 1435 4347 6666116116]

235 4396 407 4462 Gregorius,
421 4397 476 4446 etc.

236 4480 311 4530 Cum
338 4490 374 4528 ex
402 4477 499 4528 debito
527 4477 678 4527 commisso
702 4476 754 4526 tibi
779 4476 872 4526 officio
896 4477 1021 4527 tenearis
1044 4489 1106 4529 esse
1129 4489 1181 4540 pro
1204 4475 1344 4527 catholice
1367 4476 1435 4527 fldei

201 4560 426 4613 conservatione
445 4558 595 4615 sollicitus,
616 4557 826 4609 iraternitatem
846 4559 924 4609 tuam
941 4571 1076 4624 rogamus
1099 4561 1128 4610 et
1147 4558 1296 4608 hortamur
1315 4558 1432 4617 attente,
