3210 5386
187 480 219 529 31
709 477 812 528 ANNO
832 478 894 526 teta

186 639 281 690 lonem
293 641 349 690 iam
359 641 413 690 iste
423 639 544 703 populus
554 640 633 689 itnse
643 637 784 700 dilatauit,
795 642 826 688 ut
838 638 873 687 de
886 638 955 700 ipsis
967 638 1080 686 dicatur
1100 634 1175 686 illud
1191 635 1209 685 3
1227 633 1337 701 Reyum
1348 632 1417 693 30)ss

186 742 199 762 u
214 722 365 784 Numerarj
390 735 445 771 non
473 726 567 784 potest
593 735 645 784 pre
671 720 864 770 multitudine.
879 742 893 761 ·
920 718 955 767 iit
978 718 1031 768 hec
1056 719 1101 768 est
1127 731 1186 767 vna
1207 730 1308 778 cam
1338 727 1416 778 quare

186 803 330 866 principes
353 808 381 852 et
410 802 513 865 prelatj
547 802 684 852 hactenus
713 815 769 851 non
795 804 999 865 processerunt
1026 799 1063 849 ad
1087 799 1215 849 istorum
1247 797 1415 862 puniu’onem

187 885 321 942 debitam,
345 885 478 946 quoniam
504 892 621 947 propter
644 883 857 933 multitudinem
879 882 1106 944 delinquentium
1129 880 1291 944 aliquando
1312 878 1412 943 punitio

185 967 340 1016 dimittitur
351 980 403 1016 seu
415 965 555 1021 differtur.
570 966 649 1014 iuxta
660 964 731 1014 illud
745 979 752 1014 ε
768 986 780 1003 ·
795 962 837 1016 0b
850 963 987 1027 populum
1005 963 1126 1014 multum
1138 964 1255 1014 crimen
1267 961 1412 1027 permansit

184 1047 317 1098 inultum.
332 1071 344 1090 ι
362 1047 451 1097 Juxta
468 1048 543 1109 quod
561 1046 684 1111 legimus
702 1047 717 1094 2
738 1047 844 1110 [tequam
859 1045 889 1095 18
901 1047 946 1106 (tt.
967 1046 1043 1108 quod
1063 1045 1132 1096 Ioab
1151 1045 1264 1095 cecinit
1274 1044 1374 1095 bucina
1386 1044 1411 1093 et

186 1130 309 1180 retinuit
319 1128 466 1192 populum,
479 1143 515 1179 ne
528 1132 750 1191 persequeretur
762 1129 922 1192 lugientem
934 1126 1034 1185 Israel.
1048 1126 1148 1177 rolens
1160 1139 1284 1192 parcere
1295 1125 1408 1177 multitu·

187 1210 258 1273 dinj.
271 1211 412 1261 Videbunt
429 1211 516 1260 etiam
534 1211 618 1259 istam
639 1208 851 1260 multitudinem
863 1223 928 1259 esse
951 1212 1059 1259 tantam
1073 1209 1158 1259 etita
1174 1210 1335 1272 potentem,
1345 1204 1408 1270 quod

187 1292 213 1342 si
232 1290 341 1343 vellent
359 1292 516 1355 procedere
536 1296 637 1342 eontra
656 1293 734 1354 ipsos
754 1300 784 1342 et
806 1292 860 1354 ipsj
885 1290 992 1341 uellent
1015 1291 1051 1340 de
1073 1289 1152 1341 lacto
1175 1291 1326 1346 resistere.
1346 1288 1408 1339 sient

188 1375 245 1423 iam
267 1374 400 1424 lecerunt
425 1375 453 1422 in
479 1372 624 1422 nonnullis
647 1374 785 1437 partibus.
811 1374 886 1423 sicut
912 1373 942 1422 in
973 1372 1101 1428 Boemia.
1124 1372 1174 1436 ubj
1201 1371 1364 1424 sacerdotes
1385 1370 1409 1420 et

188 1454 319 1509 clericos.
342 1455 444 1517 quibus
466 1454 554 1503 laicos
574 1454 659 1517 opido
681 1456 802 1504 inlestos
826 1454 914 1504 tradit
935 1453 1100 1516 antiquitas.
1122 1453 1302 1513 occiderunt,
1324 1451 1409 1516 petora

189 1536 274 1591 mala.
303 1544 373 1600 puta
401 1535 576 1585 rebelliones
605 1541 706 1585 contra
733 1536 879 1599 principes
907 1538 937 1585 et
965 1536 1100 1585 scismata
1127 1536 1233 1585 contra
1260 1532 1408 1591 eculeum

189 1624 388 1680 sequerentur.
413 1617 491 1667 Licet
513 1622 607 1667 autem
628 1616 704 1666 mala
725 1630 780 1666 non
803 1617 862 1666 sint
884 1617 1026 1675 iacienda,
1047 1622 1078 1666 ut
1098 1616 1219 1667 veniant
1241 1616 1326 1679 bona,
1343 1614 1410 1665 iuxta

190 1698 351 1762 apostolum
375 1698 420 1747 ,td
443 1699 584 1750 Romanos
606 1699 632 1753 ³.
658 1704 762 1755 tamen,
781 1699 937 1748 secundum
958 1701 1122 1748 sanctorum
1142 1700 1174 1748 et
1193 1697 1283 1748 etiam
1300 1694 1409 1762 philoso-

190 1781 313 1843 phorum
331 1782 514 1836 sententiam.
532 1779 608 1830 mala
625 1781 795 1842 quandoque
808 1788 876 1829 sunt
892 1780 1094 1843 permittenda,
1107 1793 1144 1831 ne
1156 1780 1306 1831 deteriora
1315 1777 1409 1829 contia-
1453 1788 1455 1793 ·

190 1865 269 1926 gant.
291 1861 371 1912 l'nde
395 1863 463 1911 dicit
486 1863 639 1926 Augustini
663 1862 822 1912 communis
846 1862 1027 1912 auctoritas:
1051 1882 1065 1903 ι
1082 1861 1175 1913 Auler
1197 1860 1364 1913 mereffieea
1381 1858 1408 1909 dt

191 2025 271 2081 iouh,
293 2026 341 2086 qui
362 2026 521 2087 proditorie
542 2026 686 2075 occiderat
707 2025 804 2075 Abner
824 2030 854 2075 et
874 2026 1018 2082 Amanum,
1039 2025 1214 2089 impunitum
1236 2024 1361 2089 reliquit,
1380 2033 1408 2073 nt

191 2107 273 2170 peius
291 2106 397 2155 malum
415 2108 481 2156 inde
500 2110 675 2168 sequeretur,
689 2105 799 2157 scilicet
816 2106 937 2157 rebellio
949 2110 979 2158 et
991 2107 1187 2158 inobedientia
1202 2110 1306 2158 centn
1315 2108 1407 2171 ipsunt

191 2186 300 2238 sciebat
317 2189 404 2245 enim,
418 2188 493 2250 quod
506 2188 574 2237 loab
592 2196 622 2238 et
639 2189 753 2251 Abisar,
767 2190 857 2239 trater
868 2203 948 2247 suus.
961 2193 1044 2240 erant
1061 2190 1102 2240 its
1117 2192 1255 2253 potentes
1265 2190 1296 2240 in
1306 2186 1408 2254 populo,

192 2269 268 2331 quod
291 2272 425 2332 poterant
447 2270 483 2318 ad
507 2282 538 2319 se
562 2269 678 2320 trabere
703 2273 791 2319 totam
816 2269 951 2320 miliciam
974 2276 1004 2321 et
1025 2284 1078 2335 per
1102 2284 1283 2335 consequens
1310 2270 1361 2333 sibi
1382 2268 1409 2319 de

191 2350 268 2399 lacto
287 2351 434 2409 resistere,
454 2351 478 2399 si
495 2348 632 2400 voluisset
649 2365 698 2401 eos
716 2352 829 2414 punire.
845 2351 891 2401 Sic
909 2352 996 2402 etiam
1015 2351 1119 2414 Dauid,
1136 2355 1170 2402 ut
1185 2352 1295 2416 patera
1308 2352 1409 2417 Regu,

192 2443 255 2494 cap.
276 2430 316 2489 19,
336 2433 429 2495 ipsum
456 2431 561 2494 Semej,
581 2445 662 2483 reum
683 2434 812 2483 criminis
839 2432 898 2483 lese
925 2434 1093 2491 maiestatis.
1113 2434 1219 2497 punire
1239 2432 1409 2499 pretermisit

192 2511 303 2563 scilicet
320 2526 356 2563 ne
374 2527 427 2563 sua
443 2515 553 2576 punitio
571 2515 672 2564 luisset
690 2516 801 2565 occasio
819 2516 936 2565 maioris
948 2515 1026 2578 malj,
1039 2513 1152 2566 scilicet
1162 2529 1269 2582 magne
1280 2512 1411 2566 mnium

192 2600 293 2644 contra
310 2595 412 2645 Dauid.
432 2594 499 2645 Istis
527 2597 613 2646 etiam
635 2596 737 2646 alludit
767 2597 885 2647 verbum
908 2595 1073 2660 philosophi
1095 2594 1258 2657 erutum,
1283 2596 1315 2647 19
1329 2606 1409 2661 cap:

192 2696 207 2717 ι
219 2675 387 2733 sinendum.
401 2699 414 2718 ·
433 2678 536 2740 inquit,
558 2679 707 2740 -quedam
726 2678 809 2737 mala,
828 2686 858 2728 et
876 2677 1091 2743 legislatoribus
1108 2681 1139 2729 et
1155 2680 1335 2744 principibus
1346 2693 1353 2729 ε
1364 2688 1410 2727 non

192 2759 270 2809 enim
287 2766 397 2809 tantum
415 2760 546 2822 proderit
564 2761 612 2823 quj
632 2761 797 2819 mutauerit‚
810 2767 946 2821 quantum
965 2760 1079 2810 nocebit
1090 2760 1273 2825 principibus
1282 2758 1410 2812 rebellam

192 2853 370 2890 assuescens.
388 2841 481 2890 Causa
497 2854 578 2905 ergo.
598 2855 687 2903 quare
704 2842 854 2904 pontitlces
871 2845 902 2892 et
919 2842 1065 2905 principes
1082 2842 1210 2893 nundum
1223 2840 1411 2907 processerunt

193 2922 230 2972 ad
247 2923 426 2985 punitionem
443 2921 678 2986 Flagellatorum,
697 2923 752 2973 luit
768 2936 878 2979 eorum.
897 2927 1033 2986 quantum
1052 2924 1088 2974 ad
1105 2938 1270 2985 numerum,
1282 2924 1411 2988 quantitas

193 3005 320 3067 copiosa.
334 3018 389 3066 que
408 3005 537 3068 tangitur
554 3005 584 3053 in
602 3004 740 3062 themate,
757 3018 822 3054 cum
840 3005 966 3056 dicitur:
983 3020 1035 3071 per
1050 3020 1148 3057 osma
1161 3008 1329 3071 prouincias
1343 3003 1411 3072 πμ]

192 3087 237 3151 tuj
247 3084 399 3150 depexus.
417 3084 509 3135 Exodi
520 3087 536 3133 5
546 3086 583 3145 (3)
596 3100 603 3134 :
618 3108 631 3125 ·
646 3086 800 3148 Dispersus
811 3090 856 3136 est
868 3085 990 3151 populus
1001 3099 1090 3151 super
1100 3100 1215 3139 omnem
1228 3090 1345 3139 terram.
1357 3109 1370 3130 ι

228 3167 294 3228 Dixj
317 3166 357 3225 3⁰,
381 3167 458 3228 quod
483 3168 611 3231 tangitur
633 3168 770 3229 ipsorum.
795 3174 932 3230 quantum
955 3168 992 3219 ad
1011 3169 1152 3229 allectum,
1172 3170 1287 3221 vanitas
1303 3169 1411 3225 cutim.

194 3262 259 3298 cum
281 3248 386 3297 dicitur
407 3262 414 3297 ε
439 3251 521 3298 nouis
543 3257 620 3299 utens
640 3248 748 3315 tegibus
767 3256 792 3299 et
812 3250 981 3316 cerimoniis.
1005 3251 1050 3301 Ad
1071 3251 1216 3312 quandam
1239 3253 1316 3303 enim
1337 3248 1410 3313 animi

195 3330 350 3378 sanitatem
376 3336 406 3378 ct
430 3330 626 3380 curiositatem
650 3332 786 3393 pertinet,
812 3332 875 3381 sine
903 3344 1008 3396 magna
1032 3333 1205 3384 necessitate
1233 3333 1284 3386 uel
1306 3332 1413 3387 utilitate
1453 3358 1455 3395 ;

196 3410 316 3461 notabili
337 3412 469 3473 antiquas
489 3409 569 3474 leges
589 3419 617 3461 et
639 3412 836 3462 obseruantias
857 3414 1009 3464 immutare
1026 3417 1057 3464 et
1076 3428 1167 3465 nouaa
1187 3416 1327 3469 inducere
1343 3430 1352 3468 t
1369 3414 1414 3465 but

196 3493 273 3544 enim
285 3492 477 3556 periculosum
495 3498 539 3542 est
555 3493 713 3556 reipublice
732 3497 760 3544 et
778 3496 920 3544 nociuum.
944 3493 1006 3544 Hoc
1023 3496 1119 3545 innuit
1136 3495 1332 3563 philosophus
1346 3499 1361 3548 2
1373 3496 1415 3549 Pe

195 3574 281 3638 ltta‘ce,
312 3572 342 3622 19
370 3588 443 3637 cap..
470 3574 517 3637 ubj
548 3574 699 3624 Politicam
732 3575 888 3639 YpodamJ',
922 3576 958 3627 de
992 3574 1102 3627 honore
1133 3579 1316 3631 conterende
1341 3590 1419 3631 nouat

195 3657 276 3721 leges
301 3657 471 3718 inuenientj.
495 3657 682 3720 redarguens,
706 3657 776 3706 dicit
798 3659 866 3707 ita:
892 3678 905 3698 ·
923 3657 1009 3708 iacile
1031 3662 1144 3710 mutare
1169 3673 1209 3711 ex
1237 3662 1420 3716 existentibus

194 3738 309 3803 legibus
329 3739 365 3787 ad
385 3737 491 3787 alteras
511 3737 591 3802 leges
611 3752 710 3795 nouas,
731 3740 776 3788 est
795 3740 891 3790 lucere
911 3738 1036 3790 debilem
1055 3739 1130 3804 legis
1150 3742 1309 3811 virtutem
1322 3770 1336 3793 ι
1355 3757 1422 3801 nam.

196 3830 228 3870 ut
247 3821 377 3870 innuitur
396 3820 511 3873 ibidem.
532 3819 612 3883 leges
632 3833 766 3884 magnum
786 3821 875 3870 robur
894 3820 1001 3871 habent
1021 3835 1056 3872 ex
1076 3826 1305 3885 consuetudine,
1322 3831 1354 3881 et
1367 3828 1426 3880 ideo

196 3916 253 3951 non
265 3906 332 3950 sunt
344 3902 477 3951 mutande
489 3901 622 3951 luciliter.
642 3902 784 3966 Tangitur
801 3916 871 3967 ergo
890 3902 1051 3966 huiusmodi
1070 3902 1310 3970 flagellatorum
1325 3912 1431 3964 emon

196 3985 318 4045 sanitas,
329 3997 394 4032 eum
407 3983 511 4032 dicitur
524 3998 531 4031 ι
544 3986 713 4034 nuntiantem
724 3982 831 4048 lepibm
843 3993 869 4035 et
880 3986 1052 4051 calmontis.

231 4308 301 4367 1113
322 4309 425 4373 Regum
444 4308 470 4369 23,
488 4306 514 4355 3.

230 4392 268 4441 lit
285 4390 301 4437 2
321 4389 425 4454 Regum
447 4389 486 4441 te.
507 4388 546 4435 lti.

232 4478 269 4531 td)
288 4471 380 4521 Exodi
397 4473 423 4525 ἶ»,
445 4472 484 4519 12.
