3164 5386
305 509 353 562 178
562 510 882 565 VERBETERINGEN
899 513 948 564 EN
967 507 1267 564 AANVULLINGEN

338 679 379 730 De
388 680 571 746 verwarring,
585 681 655 731 door
672 681 774 732 cousin
792 680 912 746 hegcan,
924 679 1004 730 viudt
1015 677 1108 730 hierin
1122 675 1191 729 bare
1204 675 1397 742 verklaring.
1410 677 1456 726 dat
1465 677 1523 738 zijne

303 760 375 812 bron
385 761 439 826 (aie
451 763 552 830 Corpus
562 763 615 818 111.
628 772 658 813 n‘
669 764 711 821 50,
723 762 776 814 blz.
786 762 829 826 65)
842 776 911 813 voor
922 775 996 828 gaen
1008 775 1061 813 van
1078 760 1113 812 de
1125 761 1197 811 twee
1209 757 1372 811 Blenaries
1392 759 1444 810 den
1456 770 1522 807 soor·

304 857 385 894 naam
398 846 522 911 opgeerq
536 860 570 897 en
589 847 637 897 dat
654 847 688 897 de
705 845 952 909 bijzonderbeden.
971 857 1038 895 over
1055 843 1111 895 ben
1127 840 1353 908 medegedeeld,
1368 842 1430 892 niet
1445 839 1522 891 alleen

304 926 612 994 dooreengestrengeld
633 929 697 992 zljn,
715 942 794 980 maar
811 927 1007 980 daarenboven
1027 939 1084 992 nog
1103 926 1209 991 punten
1230 939 1289 976 van
1313 922 1524 976 overeenlomst

305 1009 471 1062 aanbieden.

557 1102 624 1158 Ded
639 1103 693 1165 ΙΙΙ,
712 1108 742 1158 in
758 1114 784 1158 te
800 1103 925 1159 lussoten
941 1121 980 1157 no
995 1103 1060 1156 nult
1076 1113 1111 1155 nr
1123 1103 1154 1160 Β,
1172 1102 1226 1155 bis.
1245 1103 1273 1153 2.

339 1214 412 1275 4237,
421 1214 558 1268 Febr-uoti
569 1216 609 1279 lt,
621 1217 713 1269 Tarni.
721 1217 774 1267 Bul
784 1231 837 1268 van
847 1231 917 1282 paus
926 1216 1080 1282 Gregorius
1090 1214 1262 1280 IX,gerioht
1271 1215 1316 1265 tot
1325 1214 1385 1266 den
1396 1212 1522 1277 bisscbop.

305 1301 359 1352 den
377 1300 558 1353 aartsdiakeu
576 1315 612 1353 en
630 1315 720 1353 eenen
738 1301 887 1353 kanunnik
904 1301 974 1363 (Ado
993 1301 1027 1352 de
1044 1297 1187 1366 Rouville)
1205 1311 1260 1349 van
1272 1299 1412 1356 Atrecht,
1425 1297 1524 1348 overde

305 1380 496 1448 behandeling
507 1396 542 1434 en
555 1383 590 1434 de
604 1384 743 1435 onkosten
756 1396 809 1433 van
822 1382 872 1435 het
883 1380 1049 1433 onderhoud
1068 1381 1119 1432 der
1130 1393 1299 1446 gevangene
1311 1381 1437 1433 licitere.
1449 1379 1525 1442 (vidi-

306 1466 555 1516 mus-aotezonder
564 1465 661 1517 datum
670 1465 830 1526 sarracon,
840 1464 972 1530 bisschop
981 1478 1034 1516 van
1045 1461 1263 1529 Tusculum.)—
1276 1464 1320 1515 De
1333 1477 1419 1528 pana,
1429 1461 1524 1529 gehoor

308 1547 435 1612 gevende
447 1560 500 1599 aar
512 1548 547 1599 de
558 1547 692 1600 klaohten
704 1562 757 1599 van
770 1549 825 1600 den
837 1547 1054 1599 Doornikscbcn
1067 1546 1208 1611 bisscbop,
1220 1546 1319 1612 regelt
1331 1547 1385 1598 het
1402 1560 1437 1612 op
1448 1548 1524 1597 wate

308 1641 345 1680 en
355 1629 445 1680 brood
456 1629 557 1682 stellen
570 1631 621 1682 der
629 1630 811 1697 gekerkerde
823 1631 942 1682 letters.

342 1730 497 1792 Universia
510 1735 656 1798 presentes
668 1733 778 1786 litteras
790 1734 969 1798 inspecturis,
978 1733 995 1785 J
998 1732 1110 1793 acobus,
1120 1733 1306 1785 miseratione
1316 1733 1418 1784 divina
1429 1732 1523 1783 Tuscu·

308 1813 390 1866 lanus
402 1815 559 1880 episcopus,
573 1817 699 1867 eternam
711 1817 741 1867 in
754 1816 873 1867 Domino
883 1814 1013 1866 salutem.

340 1897 484 1949 Noveritis
504 1912 555 1949 nos
573 1897 683 1951 litteras
704 1899 809 1949 domini
829 1911 903 1962 pape
921 1896 1052 1957 bullatas,
1071 1912 1127 1949 non
1147 1897 1269 1956 vitiatas.
1292 1911 1353 1949 non
1374 1899 1524 1962 corruptas.

308 1979 413 2032 vidisse
423 1980 474 2030 sub
486 1979 539 2031 hac
550 1982 659 2032 torma:

343 2075 498 2141 Gregorius
521 2077 679 2141 episcopus,
697 2089 795 2128 servus
825 2089 971 2128 servorum
989 2076 1051 2134 Dei,
1070 2075 1224 2128 venerabili
1241 2075 1328 2127 tratri
1350 2077 1486 2141 episcopo
1503 2076 1528 2125 et

312 2157 423 2209 dilectis
440 2158 507 2209 illlis
527 2160 754 2224 archidyachono
772 2161 802 2212 et
817 2161 877 2211 Ade
896 2161 930 2212 do
947 2158 1089 2219 Ronvilla,
1108 2161 1253 2219 canonico,
1271 2159 1527 2212 attrebatensibus.

313 2240 472 2292 salutemet
484 2241 668 2305 apostolicam
676 2243 912 2294 benedictionem.

346 2322 389 2373 Ex
400 2325 481 2387 parte
493 2323 662 2374 venerabilis
673 2325 771 2375 iratris
784 2326 873 2376 nostri
892 2325 1080 2376 Tornacensis
1091 2325 1216 2390 episcopi
1232 2324 1289 2374 luit
1305 2326 1409 2376 nostro
1427 2327 1529 2388 aposto

313 2405 383 2456 latui
392 2405 590 2470 supplicatum,
600 2410 641 2470 ut,
650 2421 714 2458 cum
723 2408 796 2458 idem
806 2422 857 2472 pro
867 2408 1075 2459 incarcerandis
1085 2407 1217 2460 hereticis
1226 2407 1355 2471 propriis
1365 2407 1528 2471 sumptibus,

313 2488 481 2552 quandoque
490 2490 519 2553 (l)
536 2503 588 2553 per
604 2491 696 2554 ipsum
709 2490 875 2554 quandoque
884 2490 915 2556 (l)
932 2504 984 2554 per
994 2491 1177 2555 inquisitores
1188 2502 1274 2554 super
1286 2489 1342 2540 hoc
1355 2489 1529 2554 deputatosa

311 2569 391 2621 vobis
417 2569 677 2635 deprehenduntur,
701 2572 731 2623 in
758 2572 871 2637 dyocesi
894 2572 1080 2624 Tornacensis
1097 2572 1158 2636 (sic)
1181 2571 1337 2637 plurimum
1362 2572 1528 2638 aggravetur

311 2654 489 2719 (gravaretur
498 2654 527 2716 l),
537 2654 566 2705 in
576 2653 629 2705 bac
638 2656 719 2719 parte
729 2655 763 2707 de
772 2655 947 2720 benignitate
957 2655 1032 2706 sedis
1042 2655 1195 2719 apostolice
1204 2655 1426 2719 provideremus
1435 2654 1528 2706 eidem,

313 2735 372 2788 Nos
384 2736 483 2800 igitur,
494 2737 621 2801 episcopi
630 2737 784 2802 supradicti
793 2738 924 2801 precibus
932 2736 1071 2796 inclinati,
1081 2738 1245 2789 discretioni
1254 2739 1350 2788 vestre
1358 2751 1417 2802 per
1427 2738 1528 2802 aposto

311 2817 369 2870 lica
379 2819 485 2883 scripta
495 2820 677 2884 precipiendo
691 2821 865 2879 mandamus,
879 2822 1010 2885 quatinus
1029 2820 1099 2872 tales
1116 2834 1168 2884 per
1185 2819 1351 2884 episcopum
1369 2821 1454 2871 vobis
1470 2818 1529 2870 assi·

313 2904 415 2968 gnatos
432 2902 573 2966 prelatum
591 2902 738 2953 abbatibus
756 2905 785 2953 et
801 2902 865 2954 aliis
881 2903 1024 2969 religiosis
1036 2904 1178 2954 nominate
1196 2902 1336 2968 dyocesis,
1350 2917 1427 2966 quos
1439 2903 1473 2954 ad
1484 2901 1529 2951 boc

313 2985 444 3035 sufficere
456 2985 602 3048 noveritis,
614 2985 791 3050 imperpetuo
804 2985 994 3037 detrudendos
1006 2999 1129 3046 carcere,
1140 2998 1176 3037 ne
1186 2983 1297 3049 aliquos
1309 2984 1377 3037 labe
1389 2984 1530 3050 pravitatis

312 3064 440 3117 heretice
459 3065 576 3117 inficere
596 3067 716 3125 valeant,
736 3069 944 3120 communitatis
963 3082 1035 3133 pane
1059 3070 1120 3120 arto
1144 3070 1172 3119 et
1195 3081 1267 3131 aqua
1286 3067 1380 3126 brevi,
1404 3066 1528 3131 quamdiu

312 3148 444 3205 vixerint,
463 3148 661 3199 sustentandos
681 3150 800 3215 ibidem;
820 3151 1041 3203 contradictores
1061 3165 1113 3215 per
1131 3162 1278 3201 censuram
1299 3150 1529 3210 ecclesiasticam,

312 3229 504 3296 appellatione
523 3233 690 3297 postposita,
711 3235 925 3298 compescendo.
945 3234 1025 3294 Quod
1046 3235 1071 3284 si
1092 3248 1147 3285 non
1168 3247 1265 3285 omnes
1282 3232 1341 3284 hiis
1359 3231 1529 3297 exequendis

312 3314 464 3379 potueritis
484 3313 632 3376 interesse,
651 3317 690 3375 tu,
709 3317 798 3367 trater
816 3317 956 3382 episcope,
975 3331 1038 3368 oum
1056 3330 1154 3368 eorum
1171 3314 1260 3368 altero
1278 3328 1315 3366 ea
1333 3314 1529 3367 nichilominus

314 3410 475 3461 exequaris.

347 3480 450 3531 Datum
461 3479 652 3539 Interamnae.
665 3494 685 3533 11
696 3481 759 3532 idus
771 3481 929 3539 Februarii,
942 3484 1121 3547 pontificatus
1134 3481 1224 3533 nostri
1234 3494 1309 3532 anno
1323 3481 1451 3533 decimo.

346 3562 379 3614 ln
391 3563 473 3628 culus
484 3563 528 3616 rei
540 3564 733 3615 testimonium
744 3567 891 3629 presentes
908 3564 1019 3617 litteras
1036 3565 1124 3631 sigilli
1140 3564 1231 3615 nostri
1246 3563 1411 3616 munimine
1422 3564 1532 3616 lecimus

313 3645 454 3697 wbmn'
575 3711 770 3776 Rijksarchiei
781 3715 809 3765 te
822 3714 945 3779 Bergen,
959 3711 1087 3765 Arcbiocs
1096 3712 1130 3765 de
1141 3709 1256 3764 revelo
1266 3710 1301 3765 dc
1318 3712 1459 3771 Toreanoi,
1470 3722 1499 3764 ιιο
1508 3710 1534 3760 ei

610 3794 812 3859 (Castularium
822 3797 873 3849 der
884 3795 938 3846 13de
948 3810 1027 3848 ocuw
1039 3796 1192 3861 alkomstig
1203 3808 1256 3845 van
1265 3793 1316 3845 het
1326 3794 1446 3847 bisdom
1457 3796 1536 3846 Door·

609 3876 679 3942 nik),
691 3877 742 3928 tol.
755 3878 893 3930 bversod
905 3881 992 3930 recto.
1004 3906 1038 3916 -
1055 3880 1103 3930 Dit
1119 3875 1292 3944 gelljkt'u'dlg
1309 3876 1451 3929 alschrilt
1468 3878 1537 3944 geeit

534 4037 537 4045 Ι
610 3973 700 4012 senen
713 3962 857 4015 duisteren
869 3975 905 4014 en
917 3960 1057 4026 blljkbaar
1068 3961 1208 4012 bedorven
1218 3958 1302 4010 tekst.

660 4101 726 4154 Ded
751 4100 805 4167 ΙΙΙ,
822 4102 887 4155 stult
902 4112 937 4155 nr
951 4103 1004 4162 26,
1022 4101 1078 4154 bis.
1096 4101 1182 4152 29d8.

347 4211 390 4264 Do
401 4210 479 4264 tent
489 4222 543 4260 van
555 4208 597 4260 dit
614 4223 744 4262 sermoen
761 4211 838 4262 werd
857 4211 927 4261 door
943 4211 990 4275 mli
1010 4209 1066 4261 ook
1082 4208 1250 4275 uitgegeven
1268 4207 1298 4256 in
1317 4204 1407 4260 Deus
1423 4220 1544 4262 mons

316 4291 422 4349 ludite
438 4291 473 4346 de
489 4290 563 4346 leon
580 4291 620 4345 du
637 4291 709 4360 Fuyt
725 4308 776 4345 sur
791 4292 831 4346 les
848 4292 1023 4361 Flopellontr
1040 4293 1069 4357 (5
1087 4290 1191 4342 ouobre
1203 4287 1280 4352 13⁴9)
1297 4294 1324 4340 et
1342 4303 1399 4343 sus·
1410 4289 1438 4344 le
1451 4288 1547 4345 draus

314 4374 439 4433 nieme
455 4372 614 4428 &Occidens
633 4375 724 4442 (4378)
741 4376 771 4426 in
789 4377 824 4428 de
841 4373 980 4428 Bullatins
997 4373 1031 4425 dc
1051 4372 1218 4426 tAcoddmie
1236 4367 1336 4438 roycle
1357 4369 1398 4425 de
1417 4374 1547 4443 Belyique

315 4458 425 4527 (elatu
440 4456 492 4511 des
508 4456 623 4523 mnes),
639 4456 711 4523 1903,
731 4467 771 4510 nr·
781 4458 852 4519 9-10,
871 4457 924 4509 blz.
936 4456 1053 4520 out-708,
1067 4470 1102 4508 en
1114 4454 1245 4509 voorzien
1263 4467 1319 4505 van
1338 4468 1419 4513 eene
1436 4455 1547 4512 toslicb·

316 4542 403 4604 tenu
414 4543 484 4599 uota
494 4539 613 4609 (ridear,
626 4539 681 4594 bls.
692 4541 823 4609 desem).

808 4674 1044 4694 ο--ν--η
